
@Article{	  abrusan_integration_2013,
  title		= {Integration of {New} {Genes} into {Cellular} {Networks},
		  and {Their} {Structural} {Maturation}},
  volume	= {195},
  issn		= {0016-6731},
  url		= {http://www.genetics.org/cgi/doi/10.1534/genetics.113.152256},
  doi		= {10.1534/genetics.113.152256},
  number	= {4},
  urldate	= {2014-01-22},
  journal	= {Genetics},
  author	= {Abrusan, G.},
  month		= sep,
  year		= {2013},
  pages		= {1407--1417}
}

@Article{	  akama_genome-wide_2014,
  title		= {Genome-wide quantification of homeolog expression ratio
		  revealed nonstochastic gene regulation in synthetic
		  allopolyploid {Arabidopsis}},
  issn		= {0305-1048, 1362-4962},
  url		= {http://nar.oxfordjournals.org/lookup/doi/10.1093/nar/gkt1376},
  doi		= {10.1093/nar/gkt1376},
  language	= {en},
  urldate	= {2014-03-31},
  journal	= {Nucleic Acids Research},
  author	= {Akama, S. and Shimizu-Inatsugi, R. and Shimizu, K. K. and
		  Sese, J.},
  month		= jan,
  year		= {2014}
}

@Article{	  andrews_emerging_2014,
  title		= {Emerging evidence for functional peptides encoded by short
		  open reading frames},
  volume	= {15},
  issn		= {1471-0056, 1471-0064},
  url		= {http://www.nature.com/doifinder/10.1038/nrg3520},
  doi		= {10.1038/nrg3520},
  number	= {3},
  urldate	= {2014-03-09},
  journal	= {Nature Reviews Genetics},
  author	= {Andrews, Shea J. and Rothnagel, Joseph A.},
  month		= feb,
  year		= {2014},
  pages		= {193--204}
}

@Article{	  armengaud_perfect_2009,
  title		= {A perfect genome annotation is within reach with the
		  proteomics and genomics alliance},
  volume	= {12},
  issn		= {13695274},
  url		= {http://linkinghub.elsevier.com/retrieve/pii/S136952740900040X},
  doi		= {10.1016/j.mib.2009.03.005},
  number	= {3},
  urldate	= {2014-02-26},
  journal	= {Current Opinion in Microbiology},
  author	= {Armengaud, Jean},
  month		= jun,
  year		= {2009},
  pages		= {292--300}
}

@Article{	  bar-even_moderately_2011,
  title		= {The moderately efficient enzyme: {Evolutionary} and
		  physicochemical trends shaping enzyme parameters},
  volume	= {50},
  issn		= {0006-2960, 1520-4995},
  shorttitle	= {The {Moderately} {Efficient} {Enzyme}},
  url		= {http://pubs.acs.org/doi/abs/10.1021/bi2002289},
  doi		= {10.1021/bi2002289},
  number	= {21},
  urldate	= {2014-02-02},
  journal	= {Biochemistry},
  author	= {Bar-Even, Arren and Noor, Elad and Savir, Yonatan and
		  Liebermeister, Wolfram and Davidi, Dan and Tawfik, Dan S.
		  and Milo, Ron},
  month		= may,
  year		= {2011},
  pages		= {4402--4410}
}

@Article{	  andrikou_too_2015,
  title		= {Too many ways to make a muscle: {Evolution} of {GRNs}
		  governing myogenesis},
  volume	= {256},
  issn		= {00445231},
  shorttitle	= {Too many ways to make a muscle},
  url		= {http://linkinghub.elsevier.com/retrieve/pii/S0044523115000261},
  doi		= {10.1016/j.jcz.2015.03.005},
  language	= {en},
  urldate	= {2015-07-22},
  journal	= {Zoologischer Anzeiger - A Journal of Comparative Zoology},
  author	= {Andrikou, Carmen and Arnone, Maria Ina},
  month		= may,
  year		= {2015},
  pages		= {2--13}
}

@Article{	  armisen_unique_2008,
  title		= {Unique genes in plants: specificities and conserved
		  features throughout evolution},
  volume	= {8},
  issn		= {1471-2148},
  shorttitle	= {Unique genes in plants},
  url		= {http://www.biomedcentral.com/1471-2148/8/280},
  doi		= {10.1186/1471-2148-8-280},
  number	= {1},
  urldate	= {2014-02-04},
  journal	= {BMC Evolutionary Biology},
  author	= {Armisén, David and Lecharny, Alain and Aubourg,
		  Sébastien},
  year		= {2008},
  pages		= {280}
}

@Article{	  begun_evidence_2006,
  title		= {Evidence for de novo evolution of testis-expressed genes
		  in the \textit{{Drosophila}} yakuba/\textit{{Drosophila}}
		  erecta clade},
  volume	= {176},
  issn		= {0016-6731},
  url		= {http://www.genetics.org/cgi/doi/10.1534/genetics.106.069245},
  doi		= {10.1534/genetics.106.069245},
  number	= {2},
  urldate	= {2014-01-28},
  journal	= {Genetics},
  author	= {Begun, D. J. and Lindfors, H. A. and Kern, A. D. and
		  Jones, C. D.},
  month		= dec,
  year		= {2006},
  pages		= {1131--1137}
}

@Article{	  bennetzen_transposable_2005,
  title		= {Transposable elements, gene creation and genome
		  rearrangement in flowering plants},
  volume	= {15},
  issn		= {0959437X},
  url		= {http://linkinghub.elsevier.com/retrieve/pii/S0959437X05001796},
  doi		= {10.1016/j.gde.2005.09.010},
  number	= {6},
  urldate	= {2014-01-29},
  journal	= {Current Opinion in Genetics \& Development},
  author	= {Bennetzen, Jeffrey L},
  month		= dec,
  year		= {2005},
  pages		= {621--627}
}

@Article{	  bergeron_out--frame_2013,
  title		= {An {Out}-of-frame {Overlapping} {Reading} {Frame} in the
		  {Ataxin}-1 {Coding} {Sequence} {Encodes} a {Novel}
		  {Ataxin}-1 {Interacting} {Protein}},
  volume	= {288},
  issn		= {0021-9258, 1083-351X},
  url		= {http://www.jbc.org/cgi/doi/10.1074/jbc.M113.472654},
  doi		= {10.1074/jbc.M113.472654},
  language	= {en},
  number	= {30},
  urldate	= {2015-03-22},
  journal	= {Journal of Biological Chemistry},
  author	= {Bergeron, D. and Lapointe, C. and Bissonnette, C. and
		  Tremblay, G. and Motard, J. and Roucou, X.},
  month		= jul,
  year		= {2013},
  pages		= {21824--21835}
}

@Article{	  bergthorsson_widespread_2003,
  title		= {Widespread horizontal transfer of mitochondrial genes in
		  flowering plants},
  volume	= {424},
  issn		= {0028-0836},
  url		= {http://dx.doi.org/10.1038/nature01743},
  doi		= {10.1038/nature01743},
  number	= {6945},
  journal	= {Nature},
  author	= {Bergthorsson, Ulfar and Adams, Keith L. and Thomason,
		  Brendan and Palmer, Jeffrey D.},
  month		= jul,
  year		= {2003},
  pages		= {197--201}
}

@Article{	  bernardi_research_2015,
  title		= {Research {Note} {Modulated} gene expression during the
		  cold acclimation process in tolerant and sensitive clones
		  of cultivar {Leccino} ({Olea} europaea {L}.)},
  volume	= {8},
  issn		= {1836-3644},
  number	= {5},
  journal	= {Plant OMICS: Journal of Plant Molecular Biology \& Omics},
  author	= {Bernardi, Rodolfo and Bartolini, Giorgio and Petruccelli,
		  Raffaella and Salvini, Mariangela and Durante, Mauro},
  year		= {2015},
  pages		= {405--411}
}

@Article{	  besemer_heuristic_1999,
  title		= {Heuristic approach to deriving models for gene finding},
  volume	= {27},
  url		= {http://nar.oxfordjournals.org/content/27/19/3911.short},
  number	= {19},
  urldate	= {2015-04-17},
  journal	= {Nucleic Acids Research},
  author	= {Besemer, John and Borodovsky, Mark},
  year		= {1999},
  pages		= {3911--3920}
}

@Article{	  bloom_evolution_2007,
  title		= {Evolution favors protein mutational robustness in
		  sufficiently large populations},
  volume	= {5},
  issn		= {17417007},
  url		= {http://www.biomedcentral.com/1741-7007/5/29},
  doi		= {10.1186/1741-7007-5-29},
  number	= {1},
  urldate	= {2014-01-31},
  journal	= {BMC Biology},
  author	= {Bloom, Jesse D and Lu, Zhongyi and Chen, David and Raval,
		  Alpan and Venturelli, Ophelia S and Arnold, Frances H},
  year		= {2007},
  pages		= {29}
}

@Article{	  bloom_protein_2006,
  title		= {Protein stability promotes evolvability},
  volume	= {103},
  url		= {http://www.pnas.org/content/103/15/5869.short},
  number	= {15},
  urldate	= {2014-01-31},
  journal	= {Proceedings of the National Academy of Sciences},
  author	= {Bloom, Jesse D. and Labthavikul, Sy T. and Otey,
		  Christopher R. and Arnold, Frances H.},
  year		= {2006},
  pages		= {5869--5874}
}

@Article{	  bloom_structural_2006,
  title		= {Structural determinants of the rate of protein evolution
		  in yeast},
  volume	= {23},
  issn		= {0737-4038, 1537-1719},
  url		= {http://mbe.oxfordjournals.org/cgi/doi/10.1093/molbev/msl040},
  doi		= {10.1093/molbev/msl040},
  number	= {9},
  urldate	= {2014-01-31},
  journal	= {Molecular Biology and Evolution},
  author	= {Bloom, J. D.},
  month		= jun,
  year		= {2006},
  pages		= {1751--1761}
}

@Article{	  bolton_novel_2008,
  title		= {The novel \textit{{Cladosporium}} fulvum lysin motif
		  effector {Ecp}6 is a virulence factor with orthologues in
		  other fungal species},
  volume	= {69},
  issn		= {0950382X, 13652958},
  url		= {http://doi.wiley.com/10.1111/j.1365-2958.2008.06270.x},
  doi		= {10.1111/j.1365-2958.2008.06270.x},
  number	= {1},
  urldate	= {2014-02-05},
  journal	= {Molecular Microbiology},
  author	= {Bolton, Melvin D. and van Esse, H. Peter and Vossen, Jack
		  H. and de Jonge, Ronnie and Stergiopoulos, Ioannis and
		  Stulemeijer, Iris J. E. and van den Berg, Grardy C. M. and
		  Borrás-Hidalgo, Orlando and Dekker, Henk L. and de Koster,
		  Chris G. and de Wit, Pierre J. G. M. and Joosten, Matthieu
		  H. A. J. and Thomma, Bart P. H. J.},
  month		= jul,
  year		= {2008},
  pages		= {119--136}
}

@Article{	  bornberg-bauer_dynamics_2013,
  title		= {Dynamics and adaptive benefits of modular protein
		  evolution},
  volume	= {23},
  issn		= {0959440X},
  url		= {http://linkinghub.elsevier.com/retrieve/pii/S0959440X13000419},
  doi		= {10.1016/j.sbi.2013.02.012},
  number	= {3},
  urldate	= {2014-01-22},
  journal	= {Current Opinion in Structural Biology},
  author	= {Bornberg-Bauer, Erich and Albà, M Mar},
  month		= jun,
  year		= {2013},
  pages		= {459--466}
}

@Article{	  brosch_shotgun_2011,
  title		= {Shotgun proteomics aids discovery of novel protein-coding
		  genes, alternative splicing, and "resurrected" pseudogenes
		  in the mouse genome},
  volume	= {21},
  issn		= {1088-9051},
  url		= {http://genome.cshlp.org/cgi/doi/10.1101/gr.114272.110},
  doi		= {10.1101/gr.114272.110},
  number	= {5},
  urldate	= {2014-02-26},
  journal	= {Genome Research},
  author	= {Brosch, M. and Saunders, G. I. and Frankish, A. and
		  Collins, M. O. and Yu, L. and Wright, J. and Verstraten, R.
		  and Adams, D. J. and Harrow, J. and Choudhary, J. S. and
		  Hubbard, T.},
  month		= apr,
  year		= {2011},
  pages		= {756--767}
}

@Article{	  bowen_venturia_2011,
  title		= {\textit{{Venturia}} inaequalis: the causal agent of apple
		  scab},
  volume	= {12},
  issn		= {14646722},
  shorttitle	= {Venturia inaequalis},
  url		= {http://doi.wiley.com/10.1111/j.1364-3703.2010.00656.x},
  doi		= {10.1111/j.1364-3703.2010.00656.x},
  number	= {2},
  urldate	= {2014-02-04},
  journal	= {Molecular Plant Pathology},
  author	= {Bowen, Joanna K. and Mesarich, Carl H. and Bus, Vincent G.
		  M. and Beresford, Robert M. and Plummer, Kim M. and
		  Templeton, Matthew D.},
  month		= feb,
  year		= {2011},
  pages		= {105--122}
}

@Article{	  buljan_evolution_2009,
  title		= {The evolution of protein domain families},
  volume	= {37},
  issn		= {0300-5127, 1470-8752},
  url		= {http://www.biochemsoctrans.org/bst/037/bst0370751.htm},
  doi		= {10.1042/BST0370751},
  number	= {4},
  urldate	= {2014-02-01},
  journal	= {Biochemical Society Transactions},
  author	= {Buljan, Marija and Bateman, Alex},
  month		= aug,
  year		= {2009},
  pages		= {751}
}

@Article{	  buljan_quantifying_2010,
  title		= {Quantifying the mechanisms of domain gain in animal
		  proteins},
  volume	= {11},
  url		= {http://www.biomedcentral.com/content/pdf/gb-2010-11-7-r74.pdf},
  number	= {7},
  urldate	= {2014-02-27},
  journal	= {Genome Biol},
  author	= {Buljan, Marija and Frankish, Adam and Bateman, Alex},
  year		= {2010},
  pages		= {R74}
}

@Article{	  cai_novo_2008,
  title		= {De novo origination of a new protein-coding gene in
		  \textit{{Saccharomyces}} cerevisiae},
  volume	= {179},
  issn		= {0016-6731},
  url		= {http://www.genetics.org/cgi/doi/10.1534/genetics.107.084491},
  doi		= {10.1534/genetics.107.084491},
  number	= {1},
  urldate	= {2014-01-22},
  journal	= {Genetics},
  author	= {Cai, J. and Zhao, R. and Jiang, H. and Wang, W.},
  month		= may,
  year		= {2008},
  pages		= {487--496}
}

@Article{	  capra_how_2013,
  title		= {How old is my gene?},
  volume	= {29},
  issn		= {01689525},
  url		= {http://linkinghub.elsevier.com/retrieve/pii/S016895251300111X},
  doi		= {10.1016/j.tig.2013.07.001},
  number	= {11},
  urldate	= {2014-03-05},
  journal	= {Trends in Genetics},
  author	= {Capra, John A. and Stolzer, Maureen and Durand, Dannie and
		  Pollard, Katherine S.},
  month		= nov,
  year		= {2013},
  pages		= {659--668}
}

@Article{	  capra_novel_2010,
  title		= {Novel genes exhibit distinct patterns of function
		  acquisition and network integration},
  volume	= {11},
  url		= {http://www.biomedcentral.com/content/pdf/gb-2010-11-12-r127.pdf},
  number	= {12},
  urldate	= {2014-03-05},
  journal	= {Genome Biol},
  author	= {Capra, John A. and Pollard, Katherine S. and Singh, Mona},
  year		= {2010},
  pages		= {R127}
}

@Article{	  carlier_proteomics_2013,
  title		= {Proteomics analysis of psychotria leaf nodule symbiosis:
		  improved genome annotation and metabolic predictions},
  volume	= {26},
  issn		= {0894-0282},
  shorttitle	= {Proteomics {Analysis} of \textit{{Psychotria}} {Leaf}
		  {Nodule} {Symbiosis}},
  url		= {http://apsjournals.apsnet.org/doi/abs/10.1094/MPMI-05-13-0152-R},
  doi		= {10.1094/MPMI-05-13-0152-R},
  number	= {11},
  urldate	= {2014-02-26},
  journal	= {Molecular Plant-Microbe Interactions},
  author	= {Carlier, Aurelien L. and Omasits, Ulrich and Ahrens,
		  Christian H. and Eberl, Leo},
  month		= nov,
  year		= {2013},
  pages		= {1325--1333}
}

@PhDThesis{	  carlson_novo_2015,
  title		= {De novo assembly, characterization and comparative
		  analysis of entelegyne spider transcriptomes ({Araneae}:
		  entelegynae)},
  school	= {SAN DIEGO STATE UNIVERSITY},
  author	= {Carlson, David E},
  year		= {2015}
}

@Article{	  carvunis_proto-genes_2012,
  title		= {Proto-genes and de novo gene birth},
  volume	= {487},
  issn		= {0028-0836, 1476-4687},
  url		= {http://www.nature.com/doifinder/10.1038/nature11184},
  doi		= {10.1038/nature11184},
  number	= {7407},
  urldate	= {2014-04-02},
  journal	= {Nature},
  author	= {Carvunis, Anne-Ruxandra and Rolland, Thomas and Wapinski,
		  Ilan and Calderwood, Michael A. and Yildirim, Muhammed A.
		  and Simonis, Nicolas and Charloteaux, Benoit and Hidalgo,
		  César A. and Barbette, Justin and Santhanam, Balaji and
		  Brar, Gloria A. and Weissman, Jonathan S. and Regev, Aviv
		  and Thierry-Mieg, Nicolas and Cusick, Michael E. and Vidal,
		  Marc},
  month		= jun,
  year		= {2012},
  pages		= {370--374}
}

@Article{	  castellana_automated_2014,
  title		= {An automated proteogenomic method uses mass spectrometry
		  to reveal novel genes in {Zea} mays},
  volume	= {13},
  url		= {http://www.mcponline.org/content/13/1/157.short},
  number	= {1},
  urldate	= {2015-07-29},
  journal	= {Molecular \& Cellular Proteomics},
  author	= {Castellana, Natalie E. and Shen, Zhouxin and He, Yupeng
		  and Walley, Justin W. and Briggs, Steven P. and Bafna,
		  Vineet and {others}},
  year		= {2014},
  pages		= {157--167}
}

@Article{	  casari_bioinformatics_1996,
  title		= {Bioinformatics and the discovery of gene function},
  volume	= {12},
  number	= {7},
  journal	= {Trends in Genetics},
  author	= {Casari, Georg and de Daruvar, Antoine and Sander, Chris
		  and Schneider, Reinhard},
  year		= {1996},
  pages		= {244--245}
}

@Article{	  champagne_proteomics_2013,
  title		= {Proteomics of nonmodel plant species},
  volume	= {13},
  issn		= {16159853},
  url		= {http://doi.wiley.com/10.1002/pmic.201200312},
  doi		= {10.1002/pmic.201200312},
  language	= {en},
  number	= {3-4},
  urldate	= {2014-04-02},
  journal	= {PROTEOMICS},
  author	= {Champagne, Antoine and Boutry, Marc},
  month		= feb,
  year		= {2013},
  pages		= {663--673}
}

@Article{	  check_human_2005,
  title		= {Human genome: patchwork people},
  volume	= {437},
  shorttitle	= {Human genome},
  url		= {http://www.nature.com/nature/journal/v437/n7062/full/4371084a.html},
  number	= {7062},
  urldate	= {2014-02-28},
  journal	= {Nature},
  author	= {Check, Erika},
  year		= {2005},
  pages		= {1084--1086}
}

@Article{	  castellana_discovery_2008,
  title		= {Discovery and revision of {Arabidopsis} genes by
		  proteogenomics},
  volume	= {105},
  url		= {http://www.pnas.org/content/105/52/21034.short},
  number	= {52},
  urldate	= {2014-02-26},
  journal	= {Proceedings of the National Academy of Sciences},
  author	= {Castellana, Natalie E. and Payne, Samuel H. and Shen,
		  Zhouxin and Stanke, Mario and Bafna, Vineet and Briggs,
		  Steven P.},
  year		= {2008},
  pages		= {21034--21038}
}

@Article{	  chen_emergence_2015,
  title		= {Emergence, {Retention} and {Selection}: {A} {Trilogy} of
		  {Origination} for {Functional} {De} {Novo} {Proteins} from
		  {Ancestral} {LncRNAs} in {Primates}},
  volume	= {11},
  shorttitle	= {Emergence, {Retention} and {Selection}},
  url		= {http://dx.plos.org/10.1371/journal.pgen.1005391},
  number	= {7},
  urldate	= {2015-07-21},
  journal	= {PLoS Genet},
  author	= {Chen, Jia-Yu and Shen, Qing Sunny and Zhou, Wei-Zhen and
		  Peng, Jiguang and He, Bin Z. and Li, Yumei and Liu, Chu-Jun
		  and Luan, Xuke and Ding, Wanqiu and Li, Shuxian and
		  {others}},
  year		= {2015},
  pages		= {e1005391}
}

@Article{	  chen_new_2010,
  title		= {New genes in {Drosophila} quickly become essential},
  volume	= {330},
  issn		= {0036-8075, 1095-9203},
  url		= {http://www.sciencemag.org/cgi/doi/10.1126/science.1196380},
  doi		= {10.1126/science.1196380},
  number	= {6011},
  urldate	= {2014-01-22},
  journal	= {Science},
  author	= {Chen, S. and Zhang, Y. E. and Long, M.},
  month		= dec,
  year		= {2010},
  pages		= {1682--1685}
}

@Article{	  chen_new_2013,
  title		= {New genes as drivers of phenotypic evolution},
  volume	= {14},
  issn		= {1471-0056, 1471-0064},
  url		= {http://www.nature.com/doifinder/10.1038/nrg3521},
  doi		= {10.1038/nrg3521},
  number	= {9},
  urldate	= {2014-01-22},
  journal	= {Nature Reviews Genetics},
  author	= {Chen, Sidi and Krinsky, Benjamin H. and Long, Manyuan},
  month		= aug,
  year		= {2013},
  pages		= {645--660}
}

@Article{	  chen_evolution_1997,
  title		= {Evolution of antifreeze glycoprotein gene from a
		  trypsinogen gene in {Antarctic} notothenioid fish},
  volume	= {94},
  url		= {http://www.pnas.org/content/94/8/3811.short},
  number	= {8},
  urldate	= {2014-03-03},
  journal	= {Proceedings of the National Academy of Sciences},
  author	= {Chen, Liangbiao and DeVries, Arthur L. and Cheng, Chi-Hing
		  C.},
  year		= {1997},
  pages		= {3811--3816}
}

@Article{	  chen_younger_2012,
  title		= {Younger genes are less likely to be essential than older
		  genes, and duplicates are less likely to be essential than
		  singletons of the same age},
  volume	= {29},
  issn		= {0737-4038, 1537-1719},
  url		= {http://mbe.oxfordjournals.org/cgi/doi/10.1093/molbev/mss014},
  doi		= {10.1093/molbev/mss014},
  number	= {7},
  urldate	= {2014-03-05},
  journal	= {Molecular Biology and Evolution},
  author	= {Chen, W.-H. and Trachana, K. and Lercher, M. J. and Bork,
		  P.},
  month		= jan,
  year		= {2012},
  pages		= {1703--1706}
}

@Article{	  chothia_evolution_2003,
  title		= {Evolution of the protein repertoire},
  volume	= {300},
  issn		= {0036-8075, 1095-9203},
  url		= {http://www.sciencemag.org/cgi/doi/10.1126/science.1085371},
  doi		= {10.1126/science.1085371},
  number	= {5626},
  urldate	= {2014-02-01},
  journal	= {Science},
  author	= {Chothia, C.},
  month		= jun,
  year		= {2003},
  pages		= {1701--1703}
}

@Article{	  clark_evolution_2007,
  title		= {Evolution of genes and genomes on the {Drosophila}
		  phylogeny},
  volume	= {450},
  issn		= {0028-0836, 1476-4687},
  url		= {http://www.nature.com/doifinder/10.1038/nature06341},
  doi		= {10.1038/nature06341},
  number	= {7167},
  urldate	= {2014-01-27},
  journal	= {Nature},
  author	= {Clark, Andrew G. and Eisen, Michael B. and Smith, Douglas
		  R. and Bergman, Casey M. and Oliver, Brian and Markow,
		  Therese A. and Kaufman, Thomas C. and Kellis, Manolis and
		  Gelbart, William and Iyer, Venky N. and Pollard, Daniel A.
		  and Sackton, Timothy B. and Larracuente, Amanda M. and
		  Singh, Nadia D. and Abad, Jose P. and Abt, Dawn N. and
		  Adryan, Boris and Aguade, Montserrat and Akashi, Hiroshi
		  and Anderson, Wyatt W. and Aquadro, Charles F. and Ardell,
		  David H. and Arguello, Roman and Artieri, Carlo G. and
		  Barbash, Daniel A. and Barker, Daniel and Barsanti, Paolo
		  and Batterham, Phil and Batzoglou, Serafim and Begun, Dave
		  and Bhutkar, Arjun and Blanco, Enrico and Bosak, Stephanie
		  A. and Bradley, Robert K. and Brand, Adrianne D. and Brent,
		  Michael R. and Brooks, Angela N. and Brown, Randall H. and
		  Butlin, Roger K. and Caggese, Corrado and Calvi, Brian R.
		  and Bernardo de Carvalho, A. and Caspi, Anat and
		  Castrezana, Sergio and Celniker, Susan E. and Chang, Jean
		  L. and Chapple, Charles and Chatterji, Sourav and
		  Chinwalla, Asif and Civetta, Alberto and Clifton, Sandra W.
		  and Comeron, Josep M. and Costello, James C. and Coyne,
		  Jerry A. and Daub, Jennifer and David, Robert G. and
		  Delcher, Arthur L. and Delehaunty, Kim and Do, Chuong B.
		  and Ebling, Heather and Edwards, Kevin and Eickbush, Thomas
		  and Evans, Jay D. and Filipski, Alan and Findeiß, Sven and
		  Freyhult, Eva and Fulton, Lucinda and Fulton, Robert and
		  Garcia, Ana C. L. and Gardiner, Anastasia and Garfield,
		  David A. and Garvin, Barry E. and Gibson, Greg and Gilbert,
		  Don and Gnerre, Sante and Godfrey, Jennifer and Good,
		  Robert and Gotea, Valer and Gravely, Brenton and Greenberg,
		  Anthony J. and Griffiths-Jones, Sam and Gross, Samuel and
		  Guigo, Roderic and Gustafson, Erik A. and Haerty, Wilfried
		  and Hahn, Matthew W. and Halligan, Daniel L. and Halpern,
		  Aaron L. and Halter, Gillian M. and Han, Mira V. and Heger,
		  Andreas and Hillier, LaDeana and Hinrichs, Angie S. and
		  Holmes, Ian and Hoskins, Roger A. and Hubisz, Melissa J.
		  and Hultmark, Dan and Huntley, Melanie A. and Jaffe, David
		  B. and Jagadeeshan, Santosh and Jeck, William R. and
		  Johnson, Justin and Jones, Corbin D. and Jordan, William C.
		  and Karpen, Gary H. and Kataoka, Eiko and Keightley, Peter
		  D. and Kheradpour, Pouya and Kirkness, Ewen F. and Koerich,
		  Leonardo B. and Kristiansen, Karsten and Kudrna, Dave and
		  Kulathinal, Rob J. and Kumar, Sudhir and Kwok, Roberta and
		  Lander, Eric and Langley, Charles H. and Lapoint, Richard
		  and Lazzaro, Brian P. and Lee, So-Jeong and Levesque, Lisa
		  and Li, Ruiqiang and Lin, Chiao-Feng and Lin, Michael F.
		  and Lindblad-Toh, Kerstin and Llopart, Ana and Long,
		  Manyuan and Low, Lloyd and Lozovsky, Elena and Lu, Jian and
		  Luo, Meizhong and Machado, Carlos A. and Makalowski,
		  Wojciech and Marzo, Mar and Matsuda, Muneo and Matzkin,
		  Luciano and McAllister, Bryant and McBride, Carolyn S. and
		  McKernan, Brendan and McKernan, Kevin and Mendez-Lago,
		  Maria and Minx, Patrick and Mollenhauer, Michael U. and
		  Montooth, Kristi and Mount, Stephen M. and Mu, Xu and
		  Myers, Eugene and Negre, Barbara and Newfeld, Stuart and
		  Nielsen, Rasmus and Noor, Mohamed A. F. and O'Grady,
		  Patrick and Pachter, Lior and Papaceit, Montserrat and
		  Parisi, Matthew J. and Parisi, Michael and Parts, Leopold
		  and Pedersen, Jakob S. and Pesole, Graziano and Phillippy,
		  Adam M. and Ponting, Chris P. and Pop, Mihai and Porcelli,
		  Damiano and Powell, Jeffrey R. and Prohaska, Sonja and
		  Pruitt, Kim and Puig, Marta and Quesneville, Hadi and Ravi
		  Ram, Kristipati and Rand, David and Rasmussen, Matthew D.
		  and Reed, Laura K. and Reenan, Robert and Reily, Amy and
		  Remington, Karin A. and Rieger, Tania T. and Ritchie,
		  Michael G. and Robin, Charles and Rogers, Yu-Hui and Rohde,
		  Claudia and Rozas, Julio and Rubenfield, Marc J. and Ruiz,
		  Alfredo and Russo, Susan and Salzberg, Steven L. and
		  Sanchez-Gracia, Alejandro and Saranga, David J. and Sato,
		  Hajime and Schaeffer, Stephen W. and Schatz, Michael C. and
		  Schlenke, Todd and Schwartz, Russell and Segarra, Carmen
		  and Singh, Rama S. and Sirot, Laura and Sirota, Marina and
		  Sisneros, Nicholas B. and Smith, Chris D. and Smith, Temple
		  F. and Spieth, John and Stage, Deborah E. and Stark,
		  Alexander and Stephan, Wolfgang and Strausberg, Robert L.
		  and Strempel, Sebastian and Sturgill, David and Sutton,
		  Granger and Sutton, Granger G. and Tao, Wei and Teichmann,
		  Sarah and Tobari, Yoshiko N. and Tomimura, Yoshihiko and
		  Tsolas, Jason M. and Valente, Vera L. S. and Venter, Eli
		  and Craig Venter, J. and Vicario, Saverio and Vieira,
		  Filipe G. and Vilella, Albert J. and Villasante, Alfredo
		  and Walenz, Brian and Wang, Jun and Wasserman, Marvin and
		  Watts, Thomas and Wilson, Derek and Wilson, Richard K. and
		  Wing, Rod A. and Wolfner, Mariana F. and Wong, Alex and
		  Ka-Shu Wong, Gane and Wu, Chung-I and Wu, Gabriel and
		  Yamamoto, Daisuke and Yang, Hsiao-Pei and Yang, Shiaw-Pyng
		  and Yorke, James A. and Yoshida, Kiyohito and Zdobnov,
		  Evgeny and Zhang, Peili and Zhang, Yu and Zimin, Aleksey V.
		  and Baldwin, Jennifer and Abdouelleil, Amr and Abdulkadir,
		  Jamal and Abebe, Adal and Abera, Brikti and Abreu, Justin
		  and Christophe Acer, St and Aftuck, Lynne and Alexander,
		  Allen and An, Peter and Anderson, Erica and Anderson, Scott
		  and Arachi, Harindra and Azer, Marc and Bachantsang, Pasang
		  and Barry, Andrew and Bayul, Tashi and Berlin, Aaron and
		  Bessette, Daniel and Bloom, Toby and Blye, Jason and
		  Boguslavskiy, Leonid and Bonnet, Claude and Boukhgalter,
		  Boris and Bourzgui, Imane and Brown, Adam and Cahill,
		  Patrick and Channer, Sheridon and Cheshatsang, Yama and
		  Chuda, Lisa and Citroen, Mieke and Collymore, Alville and
		  Cooke, Patrick and Costello, Maura and D'Aco, Katie and
		  Daza, Riza and De Haan, Georgius and DeGray, Stuart and
		  DeMaso, Christina and Dhargay, Norbu and Dooley, Kimberly
		  and Dooley, Erin and Doricent, Missole and Dorje, Passang
		  and Dorjee, Kunsang and Dupes, Alan and Elong, Richard and
		  Falk, Jill and Farina, Abderrahim and Faro, Susan and
		  Ferguson, Diallo and Fisher, Sheila and Foley, Chelsea D.
		  and Franke, Alicia and Friedrich, Dennis and Gadbois, Loryn
		  and Gearin, Gary and Gearin, Christina R. and Giannoukos,
		  Georgia and Goode, Tina and Graham, Joseph and Grandbois,
		  Edward and Grewal, Sharleen and Gyaltsen, Kunsang and
		  Hafez, Nabil and Hagos, Birhane and Hall, Jennifer and
		  Henson, Charlotte and Hollinger, Andrew and Honan, Tracey
		  and Huard, Monika D. and Hughes, Leanne and Hurhula, Brian
		  and Erii Husby, M and Kamat, Asha and Kanga, Ben and
		  Kashin, Seva and Khazanovich, Dmitry and Kisner, Peter and
		  Lance, Krista and Lara, Marcia and Lee, William and Lennon,
		  Niall and Letendre, Frances and LeVine, Rosie and Lipovsky,
		  Alex and Liu, Xiaohong and Liu, Jinlei and Liu, Shangtao
		  and Lokyitsang, Tashi and Lokyitsang, Yeshi and Lubonja,
		  Rakela and Lui, Annie and MacDonald, Pen and Magnisalis,
		  Vasilia and Maru, Kebede and Matthews, Charles and
		  McCusker, William and McDonough, Susan and Mehta, Teena and
		  Meldrim, James and Meneus, Louis and Mihai, Oana and
		  Mihalev, Atanas and Mihova, Tanya and Mittelman, Rachel and
		  Mlenga, Valentine and Montmayeur, Anna and Mulrain,
		  Leonidas and Navidi, Adam and Naylor, Jerome and Negash,
		  Tamrat and Nguyen, Thu and Nguyen, Nga and Nicol, Robert
		  and Norbu, Choe and Norbu, Nyima and Novod, Nathaniel and
		  O'Neill, Barry and Osman, Sahal and Markiewicz, Eva and
		  Oyono, Otero L. and Patti, Christopher and Phunkhang, Pema
		  and Pierre, Fritz and Priest, Margaret and Raghuraman,
		  Sujaa and Rege, Filip and Reyes, Rebecca and Rise, Cecil
		  and Rogov, Peter and Ross, Keenan and Ryan, Elizabeth and
		  Settipalli, Sampath and Shea, Terry and Sherpa, Ngawang and
		  Shi, Lu and Shih, Diana and Sparrow, Todd and Spaulding,
		  Jessica and Stalker, John and Stange-Thomann, Nicole and
		  Stavropoulos, Sharon and Stone, Catherine and Strader,
		  Christopher and Tesfaye, Senait and Thomson, Talene and
		  Thoulutsang, Yama and Thoulutsang, Dawa and Topham, Kerri
		  and Topping, Ira and Tsamla, Tsamla and Vassiliev, Helen
		  and Vo, Andy and Wangchuk, Tsering and Wangdi, Tsering and
		  Weiand, Michael and Wilkinson, Jane and Wilson, Adam and
		  Yadav, Shailendra and Young, Geneva and Yu, Qing and
		  Zembek, Lisa and Zhong, Danni and Zimmer, Andrew and
		  Zwirko, Zac and Jaffe, David B. and Alvarez, Pablo and
		  Brockman, Will and Butler, Jonathan and Chin, CheeWhye and
		  Gnerre, Sante and Grabherr, Manfred and Kleber, Michael and
		  Mauceli, Evan and MacCallum, Iain},
  month		= nov,
  year		= {2007},
  pages		= {203--218}
}

@Article{	  colbourne_ecoresponsive_2011,
  title		= {The ecoresponsive genome of \textit{{Daphnia}} pulex},
  volume	= {331},
  issn		= {0036-8075, 1095-9203},
  url		= {http://www.sciencemag.org/cgi/doi/10.1126/science.1197761},
  doi		= {10.1126/science.1197761},
  number	= {6017},
  urldate	= {2014-02-03},
  journal	= {Science},
  author	= {Colbourne, J. K. and Pfrender, M. E. and Gilbert, D. and
		  Thomas, W. K. and Tucker, A. and Oakley, T. H. and
		  Tokishita, S. and Aerts, A. and Arnold, G. J. and Basu, M.
		  K. and Bauer, D. J. and Caceres, C. E. and Carmel, L. and
		  Casola, C. and Choi, J.-H. and Detter, J. C. and Dong, Q.
		  and Dusheyko, S. and Eads, B. D. and Frohlich, T. and
		  Geiler-Samerotte, K. A. and Gerlach, D. and Hatcher, P. and
		  Jogdeo, S. and Krijgsveld, J. and Kriventseva, E. V. and
		  Kultz, D. and Laforsch, C. and Lindquist, E. and Lopez, J.
		  and Manak, J. R. and Muller, J. and Pangilinan, J. and
		  Patwardhan, R. P. and Pitluck, S. and Pritham, E. J. and
		  Rechtsteiner, A. and Rho, M. and Rogozin, I. B. and
		  Sakarya, O. and Salamov, A. and Schaack, S. and Shapiro, H.
		  and Shiga, Y. and Skalitzky, C. and Smith, Z. and Souvorov,
		  A. and Sung, W. and Tang, Z. and Tsuchiya, D. and Tu, H.
		  and Vos, H. and Wang, M. and Wolf, Y. I. and Yamagata, H.
		  and Yamada, T. and Ye, Y. and Shaw, J. R. and Andrews, J.
		  and Crease, T. J. and Tang, H. and Lucas, S. M. and
		  Robertson, H. M. and Bork, P. and Koonin, E. V. and
		  Zdobnov, E. M. and Grigoriev, I. V. and Lynch, M. and
		  Boore, J. L.},
  month		= feb,
  year		= {2011},
  pages		= {555--561}
}

@Article{	  de_jonge_how_2011,
  title		= {How filamentous pathogens co-opt plants: the ins and outs
		  of fungal effectors},
  volume	= {14},
  issn		= {13695266},
  shorttitle	= {How filamentous pathogens co-opt plants},
  url		= {http://linkinghub.elsevier.com/retrieve/pii/S1369526611000173},
  doi		= {10.1016/j.pbi.2011.03.005},
  number	= {4},
  urldate	= {2014-02-05},
  journal	= {Current Opinion in Plant Biology},
  author	= {de Jonge, Ronnie and Bolton, Melvin D and Thomma, Bart
		  PHJ},
  month		= aug,
  year		= {2011},
  pages		= {400--406}
}

@Article{	  domazet-loso_phylogenetically_2010,
  title		= {A phylogenetically based transcriptome age index mirrors
		  ontogenetic divergence patterns},
  volume	= {468},
  issn		= {0028-0836, 1476-4687},
  url		= {http://www.nature.com/doifinder/10.1038/nature09632},
  doi		= {10.1038/nature09632},
  number	= {7325},
  urldate	= {2014-01-26},
  journal	= {Nature},
  author	= {Domazet-Lošo, Tomislav and Tautz, Diethard},
  month		= dec,
  year		= {2010},
  pages		= {815--818}
}

@Article{	  dujon_yeast_1996,
  title		= {The yeast genome project: what did we learn?},
  volume	= {12},
  shorttitle	= {The yeast genome project},
  url		= {http://www.sciencedirect.com/science/article/pii/0168952596100275},
  number	= {7},
  urldate	= {2014-01-29},
  journal	= {Trends in Genetics},
  author	= {Dujon, Bernard},
  year		= {1996},
  pages		= {263--270}
}

@Article{	  ekman_identifying_2010,
  title		= {Identifying and {Quantifying} {Orphan} {Protein}
		  {Sequences} in {Fungi}},
  volume	= {396},
  issn		= {00222836},
  url		= {http://linkinghub.elsevier.com/retrieve/pii/S0022283609014478},
  doi		= {10.1016/j.jmb.2009.11.053},
  number	= {2},
  urldate	= {2013-10-17},
  journal	= {Journal of Molecular Biology},
  author	= {Ekman, Diana and Elofsson, Arne},
  month		= feb,
  year		= {2010},
  pages		= {396--405}
}

@Article{	  donoghue_evolutionary_2011,
  title		= {Evolutionary origins of {Brassicaceae} specific genes in
		  {Arabidopsis} thaliana},
  volume	= {11},
  url		= {http://www.biomedcentral.com/1471-2148/11/47/},
  number	= {1},
  urldate	= {2013-10-18},
  journal	= {BMC evolutionary biology},
  author	= {Donoghue, Mark TA and Keshavaiah, Channa and Swamidatta,
		  Sandesh H. and Spillane, Charles},
  year		= {2011},
  pages		= {47}
}

@Article{	  donoghue_evolutionary_2011-1,
  title		= {Evolutionary origins of {Brassicaceae} specific genes in
		  \textit{{Arabidopsis}} thaliana},
  volume	= {11},
  url		= {http://www.biomedcentral.com/1471-2148/11/47/},
  number	= {1},
  urldate	= {2013-12-17},
  journal	= {BMC evolutionary biology},
  author	= {Donoghue, Mark TA and Keshavaiah, Channa and Swamidatta,
		  Sandesh H. and Spillane, Charles},
  year		= {2011},
  pages		= {47}
}

@Article{	  ekman_quantification_2007,
  title		= {Quantification of the elevated rate of domain
		  rearrangements in metazoa},
  volume	= {372},
  issn		= {00222836},
  url		= {http://linkinghub.elsevier.com/retrieve/pii/S0022283607008170},
  doi		= {10.1016/j.jmb.2007.06.022},
  number	= {5},
  urldate	= {2014-02-01},
  journal	= {Journal of Molecular Biology},
  author	= {Ekman, Diana and Björklund, Åsa K. and Elofsson, Arne},
  month		= oct,
  year		= {2007},
  pages		= {1337--1348}
}

@Article{	  ding_origins_2012,
  title		= {Origins of new genes and evolution of their novel
		  functions},
  volume	= {43},
  issn		= {1543-592X, 1545-2069},
  url		= {http://www.annualreviews.org/doi/abs/10.1146/annurev-ecolsys-110411-160513},
  doi		= {10.1146/annurev-ecolsys-110411-160513},
  number	= {1},
  urldate	= {2014-01-22},
  journal	= {Annual Review of Ecology, Evolution, and Systematics},
  author	= {Ding, Yun and Zhou, Qi and Wang, Wen},
  month		= dec,
  year		= {2012},
  pages		= {345--363}
}

@Article{	  faure_comprehensive_2013,
  title		= {Comprehensive repertoire of foldable regions within whole
		  genomes},
  volume	= {9},
  url		= {http://dx.plos.org/10.1371/journal.pcbi.1003280.g007},
  number	= {10},
  urldate	= {2014-02-06},
  journal	= {PLoS computational biology},
  author	= {Faure, Guilhem and Callebaut, Isabelle},
  year		= {2013},
  pages		= {e1003280}
}

@Article{	  ekman_multi-domain_2005,
  title		= {Multi-domain proteins in the three kingdoms of life:
		  orphan domains and other unassigned regions},
  volume	= {348},
  issn		= {00222836},
  shorttitle	= {Multi-domain {Proteins} in the {Three} {Kingdoms} of
		  {Life}},
  url		= {http://linkinghub.elsevier.com/retrieve/pii/S0022283605001609},
  doi		= {10.1016/j.jmb.2005.02.007},
  number	= {1},
  urldate	= {2014-02-01},
  journal	= {Journal of Molecular Biology},
  author	= {Ekman, Diana and Björklund, Åsa K. and Frey-Skött,
		  Johannes and Elofsson, Arne},
  month		= apr,
  year		= {2005},
  pages		= {231--243}
}

@Article{	  ellwood_first_2010,
  title		= {A first genome assembly of the barley fungal pathogen
		  \textit{{Pyrenophora}} teres f. teres},
  volume	= {11},
  url		= {http://www.biomedcentral.com/content/pdf/gb-2010-11-11-r109.pdf},
  number	= {11},
  urldate	= {2014-02-04},
  journal	= {Genome Biol},
  author	= {Ellwood, Simon R. and Liu, Zhaohui and Syme, Rob A. and
		  Lai, Zhibing and Hane, James K. and Keiper, Felicity and
		  Moffat, Caroline S. and Oliver, Richard P. and Friesen,
		  Timothy L.},
  year		= {2010},
  pages		= {R109}
}

@Article{	  freeling_fractionation_2012,
  title		= {Fractionation mutagenesis and similar consequences of
		  mechanisms removing dispensable or less-expressed {DNA} in
		  plants},
  volume	= {15},
  issn		= {13695266},
  url		= {http://linkinghub.elsevier.com/retrieve/pii/S1369526612000301},
  doi		= {10.1016/j.pbi.2012.01.015},
  number	= {2},
  urldate	= {2014-02-26},
  journal	= {Current Opinion in Plant Biology},
  author	= {Freeling, Michael and Woodhouse, Margaret R and
		  Subramaniam, Shabarinath and Turco, Gina and Lisch, Damon
		  and Schnable, James C},
  month		= apr,
  year		= {2012},
  pages		= {131--139}
}

@Article{	  gan_multiple_2011,
  title		= {Multiple reference genomes and transcriptomes for
		  \textit{{Arabidopsis}} thaliana},
  volume	= {477},
  issn		= {0028-0836, 1476-4687},
  url		= {http://www.nature.com/doifinder/10.1038/nature10414},
  doi		= {10.1038/nature10414},
  number	= {7365},
  urldate	= {2013-10-18},
  journal	= {Nature},
  author	= {Gan, Xiangchao and Stegle, Oliver and Behr, Jonas and
		  Steffen, Joshua G. and Drewe, Philipp and Hildebrand, Katie
		  L. and Lyngsoe, Rune and Schultheiss, Sebastian J. and
		  Osborne, Edward J. and Sreedharan, Vipin T. and Kahles,
		  André and Bohnert, Regina and Jean, Géraldine and
		  Derwent, Paul and Kersey, Paul and Belfield, Eric J. and
		  Harberd, Nicholas P. and Kemen, Eric and Toomajian,
		  Christopher and Kover, Paula X. and Clark, Richard M. and
		  Rätsch, Gunnar and Mott, Richard},
  month		= aug,
  year		= {2011},
  pages		= {419--423}
}

@Article{	  gibbs_genome_2004,
  title		= {Genome sequence of the {Brown} {Norway} rat yields
		  insights into mammalian evolution},
  volume	= {428},
  url		= {http://www.nature.com/nature/journal/v428/n6982/abs/nature02426.html},
  number	= {6982},
  urldate	= {2014-01-27},
  journal	= {Nature},
  author	= {Gibbs, Richard A. and Weinstock, George M. and Metzker,
		  Michael L. and Muzny, Donna M. and Sodergren, Erica J. and
		  Scherer, Steven and Scott, Graham and Steffen, David and
		  Worley, Kim C. and Burch, Paula E.},
  year		= {2004},
  pages		= {493--521}
}

@Article{	  gibson_why_2013,
  title		= {Why so many unknown genes? {Partitioning} orphans from a
		  representative transcriptome of the lone star tick
		  {Amblyomma} americanum},
  volume	= {14},
  shorttitle	= {Why so many unknown genes?},
  url		= {http://www.frontiersinzoology.com/1471-2164/14/135},
  number	= {1},
  urldate	= {2013-10-15},
  journal	= {BMC genomics},
  author	= {Gibson, Amanda K. and Smith, Zach and Fuqua, Clay and
		  Clay, Keith and Colbourne, John K.},
  year		= {2013},
  pages		= {135}
}

@Article{	  gibson_why_2013-1,
  title		= {Why so many unknown genes? {Partitioning} orphans from a
		  representative transcriptome of the lone star tick
		  \textit{{Amblyomma}} americanum},
  volume	= {14},
  shorttitle	= {Why so many unknown genes?},
  url		= {http://www.frontiersinzoology.com/1471-2164/14/135},
  number	= {1},
  urldate	= {2014-02-04},
  journal	= {BMC genomics},
  author	= {Gibson, Amanda K. and Smith, Zach and Fuqua, Clay and
		  Clay, Keith and Colbourne, John K.},
  year		= {2013},
  pages		= {135}
}

@Article{	  gollery_pofs:_2007,
  title		= {{POFs}: what we don’t know can hurt us},
  volume	= {12},
  issn		= {13601385},
  shorttitle	= {{POFs}},
  url		= {http://linkinghub.elsevier.com/retrieve/pii/S1360138507002452},
  doi		= {10.1016/j.tplants.2007.08.018},
  number	= {11},
  urldate	= {2013-12-17},
  journal	= {Trends in Plant Science},
  author	= {Gollery, Martin and Harper, Jeff and Cushman, John and
		  Mittler, Taliah and Mittler, Ron},
  month		= nov,
  year		= {2007},
  pages		= {492--496}
}

@Article{	  gollery_what_2006,
  title		= {What makes species unique? {The} contribution of proteins
		  with obscure features},
  volume	= {7},
  shorttitle	= {What makes species unique?},
  url		= {http://www.biomedcentral.com/1465-6906/7/R57},
  number	= {7},
  urldate	= {2013-12-17},
  journal	= {Genome biology},
  author	= {Gollery, Martin and Harper, Jeff and Cushman, John and
		  Mittler, Taliah and Girke, Thomas and Zhu, Jian-Kang and
		  Bailey-Serres, Julia and Mittler, Ron},
  year		= {2006},
  pages		= {R57}
}

@Article{	  guo_gene_2013,
  title		= {Gene family evolution in green plants with emphasis on the
		  origination and evolution of \textit{{Arabidopsis}}
		  thaliana genes},
  volume	= {73},
  issn		= {09607412},
  url		= {http://doi.wiley.com/10.1111/tpj.12089},
  doi		= {10.1111/tpj.12089},
  number	= {6},
  urldate	= {2013-10-15},
  journal	= {The Plant Journal},
  author	= {Guo, Ya-Long},
  month		= mar,
  year		= {2013},
  pages		= {941--951}
}

@Article{	  guo_significant_2007,
  title		= {Significant comparative characteristics between orphan and
		  nonorphan genes in the rice (\textit{{Oryza}} sativa {L}.)
		  genome},
  volume	= {2007},
  issn		= {1531-6912, 1532-6268},
  url		= {http://www.hindawi.com/journals/ijg/2007/021676/abs/},
  doi		= {10.1155/2007/21676},
  urldate	= {2013-11-02},
  journal	= {Comparative and Functional Genomics},
  author	= {Guo, Wen-Jiu and Li, Ping and Ling, Jun and Ye,
		  Shao-Ping},
  year		= {2007},
  pages		= {1--7}
}

@Article{	  guttman_ribosome_2013,
  title		= {Ribosome {Profiling} {Provides} {Evidence} that {Large}
		  {Noncoding} {RNAs} {Do} {Not} {Encode} {Proteins}},
  volume	= {154},
  issn		= {00928674},
  url		= {http://linkinghub.elsevier.com/retrieve/pii/S0092867413007113},
  doi		= {10.1016/j.cell.2013.06.009},
  number	= {1},
  urldate	= {2013-10-29},
  journal	= {Cell},
  author	= {Guttman, Mitchell and Russell, Pamela and Ingolia,
		  Nicholas T. and Weissman, Jonathan S. and Lander, Eric S.},
  month		= jul,
  year		= {2013},
  pages		= {240--251}
}

@Article{	  haas_genome_2009,
  title		= {Genome sequence and analysis of the {Irish} potato famine
		  pathogen \textit{{Phytophthora}} infestans},
  volume	= {461},
  issn		= {0028-0836, 1476-4687},
  url		= {http://www.nature.com/doifinder/10.1038/nature08358},
  doi		= {10.1038/nature08358},
  number	= {7262},
  urldate	= {2014-02-05},
  journal	= {Nature},
  author	= {Haas, Brian J. and Kamoun, Sophien and Zody, Michael C.
		  and Jiang, Rays H. Y. and Handsaker, Robert E. and Cano,
		  Liliana M. and Grabherr, Manfred and Kodira, Chinnappa D.
		  and Raffaele, Sylvain and Torto-Alalibo, Trudy and Bozkurt,
		  Tolga O. and Ah-Fong, Audrey M. V. and Alvarado, Lucia and
		  Anderson, Vicky L. and Armstrong, Miles R. and Avrova, Anna
		  and Baxter, Laura and Beynon, Jim and Boevink, Petra C. and
		  Bollmann, Stephanie R. and Bos, Jorunn I. B. and Bulone,
		  Vincent and Cai, Guohong and Cakir, Cahid and Carrington,
		  James C. and Chawner, Megan and Conti, Lucio and Costanzo,
		  Stefano and Ewan, Richard and Fahlgren, Noah and Fischbach,
		  Michael A. and Fugelstad, Johanna and Gilroy, Eleanor M.
		  and Gnerre, Sante and Green, Pamela J. and
		  Grenville-Briggs, Laura J. and Griffith, John and
		  Grünwald, Niklaus J. and Horn, Karolyn and Horner, Neil R.
		  and Hu, Chia-Hui and Huitema, Edgar and Jeong, Dong-Hoon
		  and Jones, Alexandra M. E. and Jones, Jonathan D. G. and
		  Jones, Richard W. and Karlsson, Elinor K. and Kunjeti,
		  Sridhara G. and Lamour, Kurt and Liu, Zhenyu and Ma, LiJun
		  and MacLean, Daniel and Chibucos, Marcus C. and McDonald,
		  Hayes and McWalters, Jessica and Meijer, Harold J. G. and
		  Morgan, William and Morris, Paul F. and Munro, Carol A. and
		  O’Neill, Keith and Ospina-Giraldo, Manuel and Pinzón,
		  Andrés and Pritchard, Leighton and Ramsahoye, Bernard and
		  Ren, Qinghu and Restrepo, Silvia and Roy, Sourav and
		  Sadanandom, Ari and Savidor, Alon and Schornack, Sebastian
		  and Schwartz, David C. and Schumann, Ulrike D. and
		  Schwessinger, Ben and Seyer, Lauren and Sharpe, Ted and
		  Silvar, Cristina and Song, Jing and Studholme, David J. and
		  Sykes, Sean and Thines, Marco and van de Vondervoort, Peter
		  J. I. and Phuntumart, Vipaporn and Wawra, Stephan and
		  Weide, Rob and Win, Joe and Young, Carolyn and Zhou, Shiguo
		  and Fry, William and Meyers, Blake C. and van West, Pieter
		  and Ristaino, Jean and Govers, Francine and Birch, Paul R.
		  J. and Whisson, Stephen C. and Judelson, Howard S. and
		  Nusbaum, Chad},
  month		= sep,
  year		= {2009},
  pages		= {393--398}
}

@Article{	  hahn_gene_2007,
  title		= {Gene family evolution across 12 {Drosophila} genomes},
  volume	= {3},
  issn		= {1553-7390, 1553-7404},
  url		= {http://dx.plos.org/10.1371/journal.pgen.0030197},
  doi		= {10.1371/journal.pgen.0030197},
  number	= {11},
  urldate	= {2013-11-08},
  journal	= {PLoS Genetics},
  author	= {Hahn, Matthew W. and Han, Mira V. and Han, Sang-Gook},
  year		= {2007},
  pages		= {e197}
}

@Article{	  halsey_fickle_2015,
  title		= {The fickle {P} value generates irreproducible results},
  volume	= {12},
  issn		= {1548-7091},
  url		= {http://dx.doi.org/10.1038/nmeth.3288},
  number	= {3},
  journal	= {Nat Meth},
  author	= {Halsey, Lewis G and Curran-Everett, Douglas and Vowler,
		  Sarah L and Drummond, Gordon B},
  month		= mar,
  year		= {2015},
  pages		= {179--185}
}

@Article{	  hanada_large_2007,
  title		= {A large number of novel coding small open reading frames
		  in the intergenic regions of the {Arabidopsis} thaliana
		  genome are transcribed and/or under purifying selection},
  volume	= {17},
  issn		= {1088-9051},
  url		= {http://www.genome.org/cgi/doi/10.1101/gr.5836207},
  doi		= {10.1101/gr.5836207},
  language	= {en},
  number	= {5},
  urldate	= {2015-05-27},
  journal	= {Genome Research},
  author	= {Hanada, K. and Zhang, X. and Borevitz, J. O. and Li, W.-H.
		  and Shiu, S.-H.},
  month		= mar,
  year		= {2007},
  pages		= {632--640}
}

@Article{	  haudry_atlas_2013,
  title		= {An atlas of over 90,000 conserved noncoding sequences
		  provides insight into crucifer regulatory regions},
  volume	= {45},
  issn		= {1061-4036, 1546-1718},
  url		= {http://www.nature.com/doifinder/10.1038/ng.2684},
  doi		= {10.1038/ng.2684},
  number	= {8},
  urldate	= {2014-04-02},
  journal	= {Nature Genetics},
  author	= {Haudry, Annabelle and Platts, Adrian E and Vello, Emilio
		  and Hoen, Douglas R and Leclercq, Mickael and Williamson,
		  Robert J and Forczek, Ewa and Joly-Lopez, Zoé and Steffen,
		  Joshua G and Hazzouri, Khaled M and Dewar, Ken and
		  Stinchcombe, John R and Schoen, Daniel J and Wang, Xiaowu
		  and Schmutz, Jeremy and Town, Christopher D and Edger,
		  Patrick P and Pires, J Chris and Schumaker, Karen S and
		  Jarvis, David E and Mandáková, Terezie and Lysak, Martin
		  A and van den Bergh, Erik and Schranz, M Eric and Harrison,
		  Paul M and Moses, Alan M and Bureau, Thomas E and Wright,
		  Stephen I and Blanchette, Mathieu},
  month		= jun,
  year		= {2013},
  pages		= {891--898}
}

@Article{	  heinen_emergence_2009,
  title		= {Emergence of a new gene from an intergenic region},
  volume	= {19},
  issn		= {09609822},
  url		= {http://linkinghub.elsevier.com/retrieve/pii/S0960982209014754},
  doi		= {10.1016/j.cub.2009.07.049},
  number	= {18},
  urldate	= {2014-01-28},
  journal	= {Current Biology},
  author	= {Heinen, Tobias J.A.J. and Staubach, Fabian and Häming,
		  Daniela and Tautz, Diethard},
  month		= sep,
  year		= {2009},
  pages		= {1527--1531}
}

@Article{	  helmy_oryzapg-db:_2011,
  title		= {{OryzaPG}-{DB}: rice proteome database based on shotgun
		  proteogenomics},
  volume	= {11},
  shorttitle	= {{OryzaPG}-{DB}},
  url		= {http://www.biomedcentral.com/1471-2229/11/63/},
  number	= {1},
  urldate	= {2014-02-26},
  journal	= {BMC plant biology},
  author	= {Helmy, Mohamed and Tomita, Masaru and Ishihama, Yasushi},
  year		= {2011},
  pages		= {63}
}

@Article{	  hildebrand_fast_2009,
  title		= {Fast and accurate automatic structure prediction with
		  {HHpred}},
  volume	= {77},
  issn		= {08873585},
  url		= {http://doi.wiley.com/10.1002/prot.22499},
  doi		= {10.1002/prot.22499},
  number	= {S9},
  urldate	= {2014-03-02},
  journal	= {Proteins: Structure, Function, and Bioinformatics},
  author	= {Hildebrand, Andrea and Remmert, Michael and Biegert,
		  Andreas and Söding, Johannes},
  year		= {2009},
  pages		= {128--132}
}

@Article{	  horan_annotating_2008,
  title		= {Annotating genes of known and unknown function by
		  large-scale coexpression analysis},
  volume	= {147},
  issn		= {0032-0889, 1532-2548},
  url		= {http://www.plantphysiol.org/cgi/doi/10.1104/pp.108.117366},
  doi		= {10.1104/pp.108.117366},
  number	= {1},
  urldate	= {2014-02-04},
  journal	= {PLANT PHYSIOLOGY},
  author	= {Horan, K. and Jang, C. and Bailey-Serres, J. and Mittler,
		  R. and Shelton, C. and Harper, J. F. and Zhu, J.-K. and
		  Cushman, J. C. and Gollery, M. and Girke, T.},
  month		= mar,
  year		= {2008},
  pages		= {41--57}
}

@Article{	  hotopp_widespread_2007,
  title		= {Widespread lateral gene transfer from intracellular
		  bacteria to multicellular eukaryotes},
  volume	= {317},
  issn		= {0036-8075, 1095-9203},
  url		= {http://www.sciencemag.org/cgi/doi/10.1126/science.1142490},
  doi		= {10.1126/science.1142490},
  number	= {5845},
  urldate	= {2014-02-03},
  journal	= {Science},
  author	= {Hotopp, J. C. D. and Clark, M. E. and Oliveira, D. C. S.
		  G. and Foster, J. M. and Fischer, P. and Torres, M. C. M.
		  and Giebel, J. D. and Kumar, N. and Ishmael, N. and Wang,
		  S. and Ingram, J. and Nene, R. V. and Shepard, J. and
		  Tomkins, J. and Richards, S. and Spiro, D. J. and Ghedin,
		  E. and Slatko, B. E. and Tettelin, H. and Werren, J. H.},
  month		= sep,
  year		= {2007},
  pages		= {1753--1756}
}

@Article{	  hwang_evolutionary_2007,
  title		= {The evolutionary emergence of cell type-specific genes
		  inferred from the gene expression analysis of {Hydra}},
  volume	= {104},
  url		= {http://www.pnas.org/content/104/37/14735.short},
  number	= {37},
  urldate	= {2014-01-27},
  journal	= {Proceedings of the National Academy of Sciences},
  author	= {Hwang, Jung Shan and Ohyanagi, Hajime and Hayakawa, Shiho
		  and Osato, Naoki and Nishimiya-Fujisawa, Chiemi and Ikeo,
		  Kazuho and David, Charles N. and Fujisawa, Toshitaka and
		  Gojobori, Takashi},
  year		= {2007},
  pages		= {14735--14740}
}

@Article{	  jacob_evolution_1977,
  title		= {Evolution and tinkering},
  volume	= {196},
  url		= {http://nicorg.pbworks.com/w/file/fetch/41529753/Jacob%20Evolution%20and%20Tinkering.pdf},
  urldate	= {2014-02-24},
  journal	= {Science},
  author	= {Jacob, François},
  year		= {1977}
}

@Article{	  kaessmann_signatures_2002,
  title		= {Signatures of domain shuffling in the human genome},
  volume	= {12},
  url		= {http://genome.cshlp.org/content/12/11/1642.short},
  number	= {11},
  urldate	= {2014-09-25},
  journal	= {Genome research},
  author	= {Kaessmann, Henrik and Zöllner, Sebastian and Nekrutenko,
		  Anton and Li, Wen-Hsiung},
  year		= {2002},
  pages		= {1642--1650}
}

@Article{	  kageyama_coding_2011,
  title		= {Coding vs non-coding: {Translatability} of short {ORFs}
		  found in putative non-coding transcripts},
  volume	= {93},
  issn		= {03009084},
  shorttitle	= {Coding vs non-coding},
  url		= {http://linkinghub.elsevier.com/retrieve/pii/S0300908411002215},
  doi		= {10.1016/j.biochi.2011.06.024},
  language	= {en},
  number	= {11},
  urldate	= {2015-05-19},
  journal	= {Biochimie},
  author	= {Kageyama, Yuji and Kondo, Takefumi and Hashimoto,
		  Yoshiko},
  month		= nov,
  year		= {2011},
  pages		= {1981--1986}
}

@Article{	  kalinka_gene_2010,
  title		= {Gene expression divergence recapitulates the developmental
		  hourglass model},
  volume	= {468},
  issn		= {0028-0836, 1476-4687},
  url		= {http://www.nature.com/doifinder/10.1038/nature09634},
  doi		= {10.1038/nature09634},
  number	= {7325},
  urldate	= {2014-01-26},
  journal	= {Nature},
  author	= {Kalinka, Alex T. and Varga, Karolina M. and Gerrard, Dave
		  T. and Preibisch, Stephan and Corcoran, David L. and
		  Jarrells, Julia and Ohler, Uwe and Bergman, Casey M. and
		  Tomancak, Pavel},
  month		= dec,
  year		= {2010},
  pages		= {811--814}
}

@Article{	  kass-simon_behavioral_2002,
  title		= {The behavioral and developmental physiology of
		  nematocysts},
  volume	= {80},
  issn		= {0008-4301, 1480-3283},
  url		= {http://www.nrcresearchpress.com/doi/abs/10.1139/z02-135},
  doi		= {10.1139/z02-135},
  number	= {10},
  urldate	= {2014-02-06},
  journal	= {Canadian Journal of Zoology},
  author	= {Kass-Simon, G and Scappaticci, Jr., A A},
  month		= oct,
  year		= {2002},
  pages		= {1772--1794}
}

@Article{	  kapranov_genome-wide_2007,
  title		= {Genome-wide transcription and the implications for genomic
		  organization},
  volume	= {8},
  issn		= {1471-0056, 1471-0064},
  url		= {http://www.nature.com/doifinder/10.1038/nrg2083},
  doi		= {10.1038/nrg2083},
  number	= {6},
  urldate	= {2014-01-31},
  journal	= {Nature Reviews Genetics},
  author	= {Kapranov, Philipp and Willingham, Aarron T. and Gingeras,
		  Thomas R.},
  month		= may,
  year		= {2007},
  pages		= {413--423}
}

@Article{	  kastenmayer_functional_2006,
  title		= {Functional genomics of genes with small open reading
		  frames ({sORFs}) in {S}. cerevisiae},
  volume	= {16},
  url		= {http://genome.cshlp.org/content/16/3/365.short},
  number	= {3},
  urldate	= {2015-05-27},
  journal	= {Genome Research},
  author	= {Kastenmayer, James P. and Ni, Li and Chu, Angela and
		  Kitchen, Lauren E. and Au, Wei-Chun and Yang, Hui and
		  Carter, Carole D. and Wheeler, David and Davis, Ronald W.
		  and Boeke, Jef D. and {others}},
  year		= {2006},
  pages		= {365--373}
}

@Article{	  khalturin_more_2009,
  title		= {More than just orphans: are taxonomically-restricted genes
		  important in evolution?},
  volume	= {25},
  issn		= {01689525},
  shorttitle	= {More than just orphans},
  url		= {http://linkinghub.elsevier.com/retrieve/pii/S0168952509001450},
  doi		= {10.1016/j.tig.2009.07.006},
  number	= {9},
  urldate	= {2013-12-17},
  journal	= {Trends in Genetics},
  author	= {Khalturin, Konstantin and Hemmrich, Georg and Fraune,
		  Sebastian and Augustin, René and Bosch, Thomas C.G.},
  month		= sep,
  year		= {2009},
  pages		= {404--413}
}

@Article{	  kohler_convergent_2015,
  title		= {Convergent losses of decay mechanisms and rapid turnover
		  of symbiosis genes in mycorrhizal mutualists},
  issn		= {1061-4036, 1546-1718},
  url		= {http://www.nature.com/doifinder/10.1038/ng.3223},
  doi		= {10.1038/ng.3223},
  urldate	= {2015-03-20},
  journal	= {Nature Genetics},
  author	= {Kohler, Annegret and Kuo, Alan and Nagy, Laszlo G and
		  Morin, Emmanuelle and Barry, Kerrie W and Buscot, Francois
		  and Canbäck, Björn and Choi, Cindy and Cichocki, Nicolas
		  and Clum, Alicia and Colpaert, Jan and Copeland, Alex and
		  Costa, Mauricio D and Doré, Jeanne and Floudas, Dimitrios
		  and Gay, Gilles and Girlanda, Mariangela and Henrissat,
		  Bernard and Herrmann, Sylvie and Hess, Jaqueline and
		  Högberg, Nils and Johansson, Tomas and Khouja,
		  Hassine-Radhouane and LaButti, Kurt and Lahrmann, Urs and
		  Levasseur, Anthony and Lindquist, Erika A and Lipzen, Anna
		  and Marmeisse, Roland and Martino, Elena and Murat, Claude
		  and Ngan, Chew Y and Nehls, Uwe and Plett, Jonathan M and
		  Pringle, Anne and Ohm, Robin A and Perotto, Silvia and
		  Peter, Martina and Riley, Robert and Rineau, Francois and
		  Ruytinx, Joske and Salamov, Asaf and Shah, Firoz and Sun,
		  Hui and Tarkka, Mika and Tritt, Andrew and
		  Veneault-Fourrey, Claire and Zuccaro, Alga and Tunlid,
		  Anders and Grigoriev, Igor V and Hibbett, David S and
		  Martin, Francis},
  month		= feb,
  year		= {2015}
}

@Article{	  kolkman_directed_2001,
  title		= {Directed evolution of proteins by exon shuffling},
  volume	= {19},
  url		= {http://www.nature.com/nbt/journal/v19/n5/abs/nbt0501_423.html},
  number	= {5},
  urldate	= {2014-09-26},
  journal	= {Nature biotechnology},
  author	= {Kolkman, Joost A. and Stemmer, Willem PC},
  year		= {2001},
  pages		= {423--428}
}

@Article{	  krehenwinkel_eco-genomic_2015,
  title		= {Eco-{Genomic} analysis of the poleward range expansion of
		  the wasp spider \textit{{Argiope}} bruennichi shows rapid
		  adaptation and genomic admixture},
  issn		= {13541013},
  url		= {http://doi.wiley.com/10.1111/gcb.13042},
  doi		= {10.1111/gcb.13042},
  language	= {en},
  urldate	= {2015-07-21},
  journal	= {Global Change Biology},
  author	= {Krehenwinkel, Henrik and Rödder, Dennis and Tautz,
		  Diethard},
  month		= jul,
  year		= {2015},
  pages		= {n/a--n/a}
}

@Article{	  lamesch_arabidopsis_2011,
  title		= {The {Arabidopsis} {Information} {Resource} ({TAIR}):
		  improved gene annotation and new tools},
  volume	= {40},
  issn		= {0305-1048, 1362-4962},
  shorttitle	= {The {Arabidopsis} {Information} {Resource} ({TAIR})},
  url		= {http://nar.oxfordjournals.org/lookup/doi/10.1093/nar/gkr1090},
  doi		= {10.1093/nar/gkr1090},
  number	= {D1},
  urldate	= {2014-02-26},
  journal	= {Nucleic Acids Research},
  author	= {Lamesch, P. and Berardini, T. Z. and Li, D. and Swarbreck,
		  D. and Wilks, C. and Sasidharan, R. and Muller, R. and
		  Dreher, K. and Alexander, D. L. and Garcia-Hernandez, M.
		  and Karthikeyan, A. S. and Lee, C. H. and Nelson, W. D. and
		  Ploetz, L. and Singh, S. and Wensel, A. and Huala, E.},
  month		= dec,
  year		= {2011},
  pages		= {D1202--D1210}
}

@Article{	  knowles_recent_2009,
  title		= {Recent de novo origin of human protein-coding genes},
  volume	= {19},
  issn		= {1088-9051},
  url		= {http://genome.cshlp.org/cgi/doi/10.1101/gr.095026.109},
  doi		= {10.1101/gr.095026.109},
  number	= {10},
  urldate	= {2013-12-17},
  journal	= {Genome Research},
  author	= {Knowles, D. G. and McLysaght, A.},
  month		= sep,
  year		= {2009},
  pages		= {1752--1759}
}

@Article{	  kuchibhatla_powerful_2013,
  title		= {Powerful sequence similarity search methods and in-depth
		  manual analyses can identify remote homologs in many
		  apparently "{Orphan}" viral proteins},
  volume	= {88},
  issn		= {0022-538X},
  url		= {http://jvi.asm.org/cgi/doi/10.1128/JVI.02595-13},
  doi		= {10.1128/JVI.02595-13},
  number	= {1},
  urldate	= {2014-02-26},
  journal	= {Journal of Virology},
  author	= {Kuchibhatla, D. B. and Sherman, W. A. and Chung, B. Y. W.
		  and Cook, S. and Schneider, G. and Eisenhaber, B. and
		  Karlin, D. G.},
  month		= oct,
  year		= {2013},
  pages		= {10--20}
}

@Article{	  landry_found_2015,
  title		= {Found in translation: functions and evolution of a
		  recently discovered alternative proteome},
  volume	= {32},
  issn		= {0959440X},
  shorttitle	= {Found in translation},
  url		= {http://linkinghub.elsevier.com/retrieve/pii/S0959440X15000263},
  doi		= {10.1016/j.sbi.2015.02.017},
  language	= {en},
  urldate	= {2015-03-22},
  journal	= {Current Opinion in Structural Biology},
  author	= {Landry, Christian R and Zhong, Xiangfu and
		  Nielly-Thibault, Lou and Roucou, Xavier},
  month		= jun,
  year		= {2015},
  pages		= {74--80}
}

@Article{	  levine_novel_2006,
  title		= {Novel genes derived from noncoding {DNA} in {Drosophila}
		  melanogaster are frequently {X}-linked and exhibit
		  testis-biased expression},
  volume	= {103},
  url		= {http://www.pnas.org/content/103/26/9935.short},
  number	= {26},
  urldate	= {2014-01-28},
  journal	= {Proceedings of the National Academy of Sciences},
  author	= {Levine, Mia T. and Jones, Corbin D. and Kern, Andrew D.
		  and Lindfors, Heather A. and Begun, David J.},
  year		= {2006},
  pages		= {9935--9939}
}

@Article{	  levine_novel_2006-1,
  title		= {Novel genes derived from noncoding {DNA} in
		  \textit{{Drosophila}} melanogaster are frequently
		  {X}-linked and exhibit testis-biased expression},
  volume	= {103},
  url		= {http://www.pnas.org/content/103/26/9935.short},
  number	= {26},
  urldate	= {2013-12-17},
  journal	= {Proceedings of the National Academy of Sciences},
  author	= {Levine, Mia T. and Jones, Corbin D. and Kern, Andrew D.
		  and Lindfors, Heather A. and Begun, David J.},
  year		= {2006},
  pages		= {9935--9939}
}

@Article{	  light_orphans_2014,
  title		= {Orphans and new gene origination, a structural and
		  evolutionary perspective},
  volume	= {26},
  issn		= {0959440X},
  url		= {http://linkinghub.elsevier.com/retrieve/pii/S0959440X14000608},
  doi		= {10.1016/j.sbi.2014.05.006},
  language	= {en},
  urldate	= {2016-06-03},
  journal	= {Current Opinion in Structural Biology},
  author	= {Light, Sara and Basile, Walter and Elofsson, Arne},
  month		= jun,
  year		= {2014},
  pages		= {73--83},
  file		= {1-s2.0-S0959440X14000608-main.pdf:/home/rnz/.mozilla/firefox/09j85eq3.default-1449768492293/zotero/storage/B6U7TTVU/1-s2.0-S0959440X14000608-main.pdf:application/pdf}
}

@Article{	  li_human-specific_2010,
  title		= {A human-specific de novo protein-coding gene associated
		  with human brain functions},
  volume	= {6},
  issn		= {1553-7358},
  url		= {http://dx.plos.org/10.1371/journal.pcbi.1000734},
  doi		= {10.1371/journal.pcbi.1000734},
  number	= {3},
  urldate	= {2014-01-28},
  journal	= {PLoS Computational Biology},
  author	= {Li, Chuan-Yun and Zhang, Yong and Wang, Zhanbo and Zhang,
		  Yan and Cao, Chunmei and Zhang, Ping-Wu and Lu, Shu-Juan
		  and Li, Xiao-Mo and Yu, Quan and Zheng, Xiaofeng and Du,
		  Quan and Uhl, George R. and Liu, Qing-Rong and Wei,
		  Liping},
  editor	= {Bourne, Philip E.},
  month		= mar,
  year		= {2010},
  pages		= {e1000734}
}

@Article{	  lin_comparative_2010,
  title		= {Comparative analyses reveal distinct sets of
		  lineage-specific genes within \textit{{Arabidopsis}}
		  thaliana},
  volume	= {10},
  url		= {http://www.biomedcentral.com/1471-2148/10/41/},
  number	= {1},
  urldate	= {2013-10-18},
  journal	= {BMC Evolutionary Biology},
  author	= {Lin, Haining and Moghe, Gaurav and Ouyang, Shu and
		  Iezzoni, Amy and Shiu, Shin-Han and Gu, Xun and Buell, C.
		  Robin},
  year		= {2010},
  pages		= {41}
}

@Article{	  li_novo_2010,
  title		= {A de novo originated gene depresses budding yeast mating
		  pathway and is repressed by the protein encoded by its
		  antisense strand},
  volume	= {20},
  url		= {http://www.nature.com/cr/journal/v20/n4/abs/cr201031a.html},
  number	= {4},
  urldate	= {2014-01-23},
  journal	= {Cell research},
  author	= {Li, Dan and Dong, Yang and Jiang, Yu and Jiang, Huifeng
		  and Cai, Jing and Wang, Wen},
  year		= {2010},
  pages		= {408--420}
}

@Article{	  lisch_how_2012,
  title		= {How important are transposons for plant evolution?},
  volume	= {14},
  issn		= {1471-0056, 1471-0064},
  url		= {http://www.nature.com/doifinder/10.1038/nrg3374},
  doi		= {10.1038/nrg3374},
  number	= {1},
  urldate	= {2014-02-26},
  journal	= {Nature Reviews Genetics},
  author	= {Lisch, Damon},
  month		= dec,
  year		= {2012},
  pages		= {49--61}
}

@Article{	  lomonte_snake_2012,
  title		= {Snake venomics and toxicological profiling of the arboreal
		  pitviper \textit{{Bothriechis}} supraciliaris from {Costa}
		  {Rica}},
  volume	= {59},
  issn		= {00410101},
  url		= {http://linkinghub.elsevier.com/retrieve/pii/S0041010112000232},
  doi		= {10.1016/j.toxicon.2012.01.005},
  number	= {5},
  urldate	= {2014-02-28},
  journal	= {Toxicon},
  author	= {Lomonte, Bruno and Tsai, Wan-Chih and Bonilla, Fabián and
		  Solórzano, Alejandro and Solano, Gabriela and Angulo,
		  Yamileth and Gutiérrez, José María and Calvete, Juan
		  J.},
  month		= apr,
  year		= {2012},
  pages		= {592--599}
}

@Article{	  long_massive_2013,
  title		= {Massive genomic variation and strong selection in
		  \textit{{Arabidopsis}} thaliana lines from {Sweden}},
  volume	= {45},
  issn		= {1061-4036, 1546-1718},
  url		= {http://www.nature.com/doifinder/10.1038/ng.2678},
  doi		= {10.1038/ng.2678},
  number	= {8},
  urldate	= {2013-10-17},
  journal	= {Nature Genetics},
  author	= {Long, Quan and Rabanal, Fernando A and Meng, Dazhe and
		  Huber, Christian D and Farlow, Ashley and Platzer,
		  Alexander and Zhang, Qingrun and Vilhjálmsson, Bjarni J
		  and Korte, Arthur and Nizhynska, Viktoria and Voronin,
		  Viktor and Korte, Pamela and Sedman, Laura and Mandáková,
		  Terezie and Lysak, Martin A and Seren, Ümit and Hellmann,
		  Ines and Nordborg, Magnus},
  month		= jun,
  year		= {2013},
  pages		= {884--890}
}

@Article{	  luhua_enhanced_2008,
  title		= {Enhanced tolerance to oxidative stress in transgenic
		  {Arabidopsis} plants expressing proteins of unknown
		  function},
  volume	= {148},
  issn		= {0032-0889, 1532-2548},
  url		= {http://www.plantphysiol.org/cgi/doi/10.1104/pp.108.124875},
  doi		= {10.1104/pp.108.124875},
  number	= {1},
  urldate	= {2014-02-04},
  journal	= {PLANT PHYSIOLOGY},
  author	= {Luhua, S. and Ciftci-Yilmaz, S. and Harper, J. and
		  Cushman, J. and Mittler, R.},
  month		= jul,
  year		= {2008},
  pages		= {280--292}
}

@Article{	  long_new_2013,
  title		= {New gene evolution: little did we know},
  volume	= {47},
  issn		= {0066-4197, 1545-2948},
  shorttitle	= {New {Gene} {Evolution}},
  url		= {http://www.annualreviews.org/doi/abs/10.1146/annurev-genet-111212-133301},
  doi		= {10.1146/annurev-genet-111212-133301},
  number	= {1},
  urldate	= {2014-03-03},
  journal	= {Annual Review of Genetics},
  author	= {Long, Manyuan and VanKuren, Nicholas W. and Chen, Sidi and
		  Vibranovski, Maria D.},
  month		= nov,
  year		= {2013},
  pages		= {307--333}
}

@Article{	  moore_arrangements_2008,
  title		= {Arrangements in the modular evolution of proteins},
  volume	= {33},
  issn		= {09680004},
  url		= {http://linkinghub.elsevier.com/retrieve/pii/S0968000408001485},
  doi		= {10.1016/j.tibs.2008.05.008},
  number	= {9},
  urldate	= {2014-02-01},
  journal	= {Trends in Biochemical Sciences},
  author	= {Moore, Andrew D. and Björklund, Åsa K. and Ekman, Diana
		  and Bornberg-Bauer, Erich and Elofsson, Arne},
  month		= sep,
  year		= {2008},
  pages		= {444--451}
}

@Article{	  luhua_linking_2013,
  title		= {Linking genes of unknown function with abiotic stress
		  responses by high-throughput phenotype screening},
  volume	= {148},
  issn		= {00319317},
  url		= {http://doi.wiley.com/10.1111/ppl.12013},
  doi		= {10.1111/ppl.12013},
  number	= {3},
  urldate	= {2013-12-17},
  journal	= {Physiologia Plantarum},
  author	= {Luhua, Song and Hegie, Alicia and Suzuki, Nobuhiro and
		  Shulaev, Elena and Luo, Xiaozhong and Cenariu, Diana and
		  Ma, Vincent and Kao, Stephanie and Lim, Jennie and Gunay,
		  Meryem Betul and Oosumi, Teruko and Lee, Seung Cho and
		  Harper, Jeffery and Cushman, John and Gollery, Martin and
		  Girke, Thomas and Bailey-Serres, Julia and Stevenson,
		  Rebecca A. and Zhu, Jian-Kang and Mittler, Ron},
  month		= jul,
  year		= {2013},
  pages		= {322--333}
}

@Article{	  moore_dynamics_2011,
  title		= {The {Dynamics} and {Evolutionary} {Potential} of {Domain}
		  {Loss} and {Emergence}},
  volume	= {29},
  issn		= {0737-4038, 1537-1719},
  url		= {http://mbe.oxfordjournals.org/cgi/doi/10.1093/molbev/msr250},
  doi		= {10.1093/molbev/msr250},
  number	= {2},
  urldate	= {2014-02-01},
  journal	= {Molecular Biology and Evolution},
  author	= {Moore, A. D. and Bornberg-Bauer, E.},
  month		= oct,
  year		= {2011},
  pages		= {787--796}
}

@Article{	  moore_quantification_2013,
  title		= {Quantification and functional analysis of modular protein
		  evolution in a dense phylogenetic tree},
  volume	= {1834},
  issn		= {15709639},
  url		= {http://linkinghub.elsevier.com/retrieve/pii/S1570963913000186},
  doi		= {10.1016/j.bbapap.2013.01.007},
  number	= {5},
  urldate	= {2014-02-26},
  journal	= {Biochimica et Biophysica Acta (BBA) - Proteins and
		  Proteomics},
  author	= {Moore, Andrew D. and Grath, Sonja and Schüler, Andreas
		  and Huylmans, Ann K. and Bornberg-Bauer, Erich},
  month		= may,
  year		= {2013},
  pages		= {898--907}
}

@Article{	  marsh_how_2010,
  title		= {How do proteins gain new domains},
  volume	= {11},
  url		= {http://www.biomedcentral.com/content/pdf/gb-2010-11-7-126.pdf},
  number	= {7},
  urldate	= {2014-02-01},
  journal	= {Genome Biol},
  author	= {Marsh, Joseph A. and Teichmann, Sarah A.},
  year		= {2010},
  pages		= {126}
}

@Article{	  morgante_gene_2005,
  title		= {Gene duplication and exon shuffling by helitron-like
		  transposons generate intraspecies diversity in maize},
  volume	= {37},
  issn		= {1061-4036},
  url		= {http://www.nature.com/doifinder/10.1038/ng1615},
  doi		= {10.1038/ng1615},
  number	= {9},
  urldate	= {2014-01-29},
  journal	= {Nature Genetics},
  author	= {Morgante, Michele and Brunner, Stephan and Pea, Giorgio
		  and Fengler, Kevin and Zuccolo, Andrea and Rafalski,
		  Antoni},
  month		= jul,
  year		= {2005},
  pages		= {997--1002}
}

@Article{	  moran_analysis_2012,
  title		= {Analysis of soluble protein contents from the nematocysts
		  of a model sea anemone sheds light on venom evolution},
  volume	= {15},
  issn		= {1436-2228, 1436-2236},
  url		= {http://link.springer.com/10.1007/s10126-012-9491-y},
  doi		= {10.1007/s10126-012-9491-y},
  number	= {3},
  urldate	= {2014-02-26},
  journal	= {Marine Biotechnology},
  author	= {Moran, Yehu and Praher, Daniela and Schlesinger, Ami and
		  Ayalon, Ari and Tal, Yossi and Technau, Ulrich},
  month		= nov,
  year		= {2012},
  pages		= {329--339}
}

@Article{	  murphy_novo_2012,
  title		= {De {Novo} {Origin} of {Protein}-{Coding} {Genes} in
		  {Murine} {Rodents}},
  volume	= {7},
  url		= {http://dx.plos.org/10.1371/journal.pone.0048650},
  number	= {11},
  urldate	= {2014-01-31},
  journal	= {PloS one},
  author	= {Murphy, Daniel N. and McLysaght, Aoife},
  year		= {2012},
  pages		= {e48650}
}

@Article{	  nagalakshmi_transcriptional_2008,
  title		= {The transcriptional landscape of the yeast genome defined
		  by {RNA} sequencing},
  volume	= {320},
  issn		= {0036-8075, 1095-9203},
  url		= {http://www.sciencemag.org/cgi/doi/10.1126/science.1158441},
  doi		= {10.1126/science.1158441},
  number	= {5881},
  urldate	= {2013-12-17},
  journal	= {Science},
  author	= {Nagalakshmi, U. and Wang, Z. and Waern, K. and Shou, C.
		  and Raha, D. and Gerstein, M. and Snyder, M.},
  month		= jun,
  year		= {2008},
  pages		= {1344--1349}
}

@Article{	  mukherjee_elucidating_2015,
  title		= {Elucidating evolutionary features and functional
		  implications of orphan genes in {Leishmania} major},
  volume	= {32},
  issn		= {15671348},
  url		= {http://linkinghub.elsevier.com/retrieve/pii/S1567134815001161},
  doi		= {10.1016/j.meegid.2015.03.031},
  language	= {en},
  urldate	= {2015-07-22},
  journal	= {Infection, Genetics and Evolution},
  author	= {Mukherjee, Sumit and Panda, Arup and Ghosh, Tapash
		  Chandra},
  month		= jun,
  year		= {2015},
  pages		= {330--337}
}

@Article{	  naito_unexpected_2009,
  title		= {Unexpected consequences of a sudden and massive transposon
		  amplification on rice gene expression},
  volume	= {461},
  issn		= {0028-0836, 1476-4687},
  url		= {http://www.nature.com/doifinder/10.1038/nature08479},
  doi		= {10.1038/nature08479},
  number	= {7267},
  urldate	= {2014-02-27},
  journal	= {Nature},
  author	= {Naito, Ken and Zhang, Feng and Tsukiyama, Takuji and
		  Saito, Hiroki and Hancock, C. Nathan and Richardson, Aaron
		  O. and Okumoto, Yutaka and Tanisaka, Takatoshi and Wessler,
		  Susan R.},
  month		= oct,
  year		= {2009},
  pages		= {1130--1134}
}

@Article{	  ohm_diverse_2012,
  title		= {Diverse lifestyles and strategies of plant pathogenesis
		  encoded in the genomes of eighteen {Dothideomycetes}
		  {Fungi}},
  volume	= {8},
  issn		= {1553-7374},
  url		= {http://dx.plos.org/10.1371/journal.ppat.1003037},
  doi		= {10.1371/journal.ppat.1003037},
  number	= {12},
  urldate	= {2014-02-05},
  journal	= {PLoS Pathogens},
  author	= {Ohm, Robin A. and Feau, Nicolas and Henrissat, Bernard and
		  Schoch, Conrad L. and Horwitz, Benjamin A. and Barry,
		  Kerrie W. and Condon, Bradford J. and Copeland, Alex C. and
		  Dhillon, Braham and Glaser, Fabian and Hesse, Cedar N. and
		  Kosti, Idit and LaButti, Kurt and Lindquist, Erika A. and
		  Lucas, Susan and Salamov, Asaf A. and Bradshaw, Rosie E.
		  and Ciuffetti, Lynda and Hamelin, Richard C. and Kema, Gert
		  H. J. and Lawrence, Christopher and Scott, James A. and
		  Spatafora, Joseph W. and Turgeon, B. Gillian and de Wit,
		  Pierre J. G. M. and Zhong, Shaobin and Goodwin, Stephen B.
		  and Grigoriev, Igor V.},
  editor	= {Andrianopoulos, Alex},
  month		= dec,
  year		= {2012},
  pages		= {e1003037}
}

@Article{	  oliver_complete_1992,
  title		= {The complete {DNA} sequence of yeast chromosome {III}},
  volume	= {357},
  journal	= {Nature},
  author	= {Oliver, Steve G and Van der Aart, QJM and
		  Agostoni-Carbone, ML and Aigle, M and Alberghina, L and
		  Alexandraki, D and Antoine, G and Anwar, R and Ballesta,
		  JPG and Benit, P and {others}},
  year		= {1992}
}

@Book{		  ohno_evolution_1970,
  title		= {Evolution by gene duplication.},
  publisher	= {London: George Alien \& Unwin Ltd. Berlin, Heidelberg and
		  New York: Springer-Verlag.},
  author	= {Ohno, Susumu and {others}},
  year		= {1970}
}

@Book{		  ohno_evolution_1970-1,
  title		= {Evolution by gene duplication.},
  publisher	= {London: George Alien \& Unwin Ltd. Berlin, Heidelberg and
		  New York: Springer-Verlag.},
  author	= {Ohno, Susumu and {others}},
  year		= {1970}
}

@Article{	  portillo_distinct_2013,
  title		= {Distinct and conserved transcriptomic changes during
		  nematode-induced giant cell development in tomato compared
		  with {Arabidopsis}: a functional role for gene repression},
  volume	= {197},
  issn		= {0028646X},
  shorttitle	= {Distinct and conserved transcriptomic changes during
		  nematode-induced giant cell development in tomato compared
		  with {Arabidopsis}},
  url		= {http://doi.wiley.com/10.1111/nph.12121},
  doi		= {10.1111/nph.12121},
  number	= {4},
  urldate	= {2014-02-05},
  journal	= {New Phytologist},
  author	= {Portillo, Mary and Cabrera, Javier and Lindsey, Keith and
		  Topping, Jen and Andrés, Maria Fe and Emiliozzi, Mariana
		  and Oliveros, Juan C. and García-Casado, Gloria and
		  Solano, Roberto and Koltai, Hinanit and Resnick, Nathalie
		  and Fenoll, Carmen and Escobar, Carolina},
  month		= mar,
  year		= {2013},
  pages		= {1276--1290}
}

@Article{	  quint_transcriptomic_2012,
  title		= {A transcriptomic hourglass in plant embryogenesis},
  volume	= {490},
  issn		= {0028-0836, 1476-4687},
  url		= {http://www.nature.com/doifinder/10.1038/nature11394},
  doi		= {10.1038/nature11394},
  number	= {7418},
  urldate	= {2014-01-26},
  journal	= {Nature},
  author	= {Quint, Marcel and Drost, Hajk-Georg and Gabel, Alexander
		  and Ullrich, Kristian Karsten and Bönn, Markus and Grosse,
		  Ivo},
  month		= sep,
  year		= {2012},
  pages		= {98--101}
}

@Article{	  priest_cis-regulatory_2009,
  title		= {cis-{Regulatory} elements in plant cell signaling},
  volume	= {12},
  issn		= {13695266},
  url		= {http://linkinghub.elsevier.com/retrieve/pii/S1369526609000946},
  doi		= {10.1016/j.pbi.2009.07.016},
  language	= {en},
  number	= {5},
  urldate	= {2015-06-09},
  journal	= {Current Opinion in Plant Biology},
  author	= {Priest, Henry D and Filichkin, Sergei A and Mockler, Todd
		  C},
  month		= oct,
  year		= {2009},
  pages		= {643--649}
}

@Article{	  neme_phylogenetic_2013,
  title		= {Phylogenetic patterns of emergence of new genes support a
		  model of frequent de novo evolution},
  volume	= {14},
  url		= {http://genomebiology.com/1471-2164/14/117/},
  number	= {1},
  urldate	= {2013-12-17},
  journal	= {BMC genomics},
  author	= {Neme, Rafik and Tautz, Diethard},
  year		= {2013},
  pages		= {117}
}

@Article{	  reddy_complexity_2013,
  title		= {Complexity of the {Alternative} {Splicing} {Landscape} in
		  {Plants}},
  volume	= {25},
  issn		= {1040-4651, 1532-298X},
  url		= {http://www.plantcell.org/cgi/doi/10.1105/tpc.113.117523},
  doi		= {10.1105/tpc.113.117523},
  language	= {en},
  number	= {10},
  urldate	= {2015-07-28},
  journal	= {The Plant Cell},
  author	= {Reddy, A. S. N. and Marquez, Y. and Kalyna, M. and Barta,
		  A.},
  month		= oct,
  year		= {2013},
  pages		= {3657--3683}
}

@Article{	  reinhardt_novo_2013,
  title		= {De novo {ORFs} in {Drosophila} are {Important} to
		  organismal fitness and evolved rapidly from previously
		  non-coding sequences},
  volume	= {9},
  issn		= {1553-7404},
  url		= {http://dx.plos.org/10.1371/journal.pgen.1003860},
  doi		= {10.1371/journal.pgen.1003860},
  number	= {10},
  urldate	= {2014-01-22},
  journal	= {PLoS Genetics},
  author	= {Reinhardt, Josephine A. and Wanjiru, Betty M. and Brant,
		  Alicia T. and Saelao, Perot and Begun, David J. and Jones,
		  Corbin D.},
  editor	= {Betran, Esther},
  month		= oct,
  year		= {2013},
  pages		= {e1003860}
}

@Article{	  remmert_hhblits:_2011,
  title		= {{HHblits}: lightning-fast iterative protein sequence
		  searching by {HMM}-{HMM} alignment},
  volume	= {9},
  issn		= {1548-7091, 1548-7105},
  shorttitle	= {{HHblits}},
  url		= {http://www.nature.com/doifinder/10.1038/nmeth.1818},
  doi		= {10.1038/nmeth.1818},
  number	= {2},
  urldate	= {2014-03-02},
  journal	= {Nature Methods},
  author	= {Remmert, Michael and Biegert, Andreas and Hauser, Andreas
		  and Söding, Johannes},
  month		= dec,
  year		= {2011},
  pages		= {173--175}
}

@Article{	  riano-pachon_orphan_2005,
  title		= {Orphan transcripts in \textit{{Arabidopsis}} thaliana:
		  identification of several hundred previously unrecognized
		  genes},
  volume	= {43},
  issn		= {09607412, 1365313X},
  shorttitle	= {Orphan transcripts in {Arabidopsis} thaliana},
  url		= {http://doi.wiley.com/10.1111/j.1365-313X.2005.02438.x},
  doi		= {10.1111/j.1365-313X.2005.02438.x},
  number	= {2},
  urldate	= {2014-02-17},
  journal	= {The Plant Journal},
  author	= {Riaño-Pachón, Diego Mauricio and Dreyer, Ingo and
		  Mueller-Roeber, Bernd},
  month		= jun,
  year		= {2005},
  pages		= {205--212}
}

@Article{	  rice_horizontal_2013,
  title		= {Horizontal transfer of entire genomes via mitochondrial
		  fusion in the angiosperm {Amborella}},
  volume	= {342},
  issn		= {0036-8075, 1095-9203},
  url		= {http://www.sciencemag.org/cgi/doi/10.1126/science.1246275},
  doi		= {10.1126/science.1246275},
  number	= {6165},
  urldate	= {2014-03-04},
  journal	= {Science},
  author	= {Rice, D. W. and Alverson, A. J. and Richardson, A. O. and
		  Young, G. J. and Sanchez-Puerta, M. V. and Munzinger, J.
		  and Barry, K. and Boore, J. L. and Zhang, Y. and
		  dePamphilis, C. W. and Knox, E. B. and Palmer, J. D.},
  month		= dec,
  year		= {2013},
  pages		= {1468--1473}
}

@Article{	  richardson_analysis_2010,
  title		= {Analysis of antisense expression by whole genome tiling
		  microarrays and {siRNAs} suggests mis-annotation of
		  {Arabidopsis} orphan protein-coding genes},
  volume	= {5},
  issn		= {1932-6203},
  url		= {http://dx.plos.org/10.1371/journal.pone.0010710},
  doi		= {10.1371/journal.pone.0010710},
  number	= {5},
  urldate	= {2014-02-17},
  journal	= {PLoS ONE},
  author	= {Richardson, Casey R. and Luo, Qing-Jun and Gontcharova,
		  Viktoria and Jiang, Ying-Wen and Samanta, Manoj and Youn,
		  Eunseog and Rock, Christopher D.},
  editor	= {Zhang, Baohong},
  month		= may,
  year		= {2010},
  pages		= {e10710}
}

@Article{	  sadat_analysis_2014,
  title		= {Analysis of in planta {Expressed} {Orphan} {Genes} in the
		  {Rice} {Blast} {Fungus} {Magnaporthe} oryzae},
  volume	= {30},
  issn		= {1598-2254},
  url		= {http://koreascience.or.kr/journal/view.jsp?kj=E1PPBG&py=2014&vnc=v30n4&sp=367},
  doi		= {10.5423/PPJ.OA.08.2014.0072},
  language	= {en},
  number	= {4},
  urldate	= {2015-04-03},
  journal	= {The Plant Pathology Journal},
  author	= {Sadat, Md. Abu and Jeon, Junhyun and Mir, Albely Afifa and
		  Kim, Seongbeom and Choi, Jaeyoung and Lee, Yong-Hwan},
  month		= dec,
  year		= {2014},
  pages		= {367--374}
}

@Article{	  schnable_b73_2009,
  title		= {The {B}73 {Maize} genome: complexity, diversity, and
		  dynamics},
  volume	= {326},
  issn		= {0036-8075, 1095-9203},
  shorttitle	= {The {B}73 {Maize} {Genome}},
  url		= {http://www.sciencemag.org/cgi/doi/10.1126/science.1178534},
  doi		= {10.1126/science.1178534},
  number	= {5956},
  urldate	= {2014-03-07},
  journal	= {Science},
  author	= {Schnable, P. S. and Ware, D. and Fulton, R. S. and Stein,
		  J. C. and Wei, F. and Pasternak, S. and Liang, C. and
		  Zhang, J. and Fulton, L. and Graves, T. A. and Minx, P. and
		  Reily, A. D. and Courtney, L. and Kruchowski, S. S. and
		  Tomlinson, C. and Strong, C. and Delehaunty, K. and
		  Fronick, C. and Courtney, B. and Rock, S. M. and Belter, E.
		  and Du, F. and Kim, K. and Abbott, R. M. and Cotton, M. and
		  Levy, A. and Marchetto, P. and Ochoa, K. and Jackson, S. M.
		  and Gillam, B. and Chen, W. and Yan, L. and Higginbotham,
		  J. and Cardenas, M. and Waligorski, J. and Applebaum, E.
		  and Phelps, L. and Falcone, J. and Kanchi, K. and Thane, T.
		  and Scimone, A. and Thane, N. and Henke, J. and Wang, T.
		  and Ruppert, J. and Shah, N. and Rotter, K. and Hodges, J.
		  and Ingenthron, E. and Cordes, M. and Kohlberg, S. and
		  Sgro, J. and Delgado, B. and Mead, K. and Chinwalla, A. and
		  Leonard, S. and Crouse, K. and Collura, K. and Kudrna, D.
		  and Currie, J. and He, R. and Angelova, A. and Rajasekar,
		  S. and Mueller, T. and Lomeli, R. and Scara, G. and Ko, A.
		  and Delaney, K. and Wissotski, M. and Lopez, G. and Campos,
		  D. and Braidotti, M. and Ashley, E. and Golser, W. and Kim,
		  H. and Lee, S. and Lin, J. and Dujmic, Z. and Kim, W. and
		  Talag, J. and Zuccolo, A. and Fan, C. and Sebastian, A. and
		  Kramer, M. and Spiegel, L. and Nascimento, L. and Zutavern,
		  T. and Miller, B. and Ambroise, C. and Muller, S. and
		  Spooner, W. and Narechania, A. and Ren, L. and Wei, S. and
		  Kumari, S. and Faga, B. and Levy, M. J. and McMahan, L. and
		  Van Buren, P. and Vaughn, M. W. and Ying, K. and Yeh, C.-T.
		  and Emrich, S. J. and Jia, Y. and Kalyanaraman, A. and
		  Hsia, A.-P. and Barbazuk, W. B. and Baucom, R. S. and
		  Brutnell, T. P. and Carpita, N. C. and Chaparro, C. and
		  Chia, J.-M. and Deragon, J.-M. and Estill, J. C. and Fu, Y.
		  and Jeddeloh, J. A. and Han, Y. and Lee, H. and Li, P. and
		  Lisch, D. R. and Liu, S. and Liu, Z. and Nagel, D. H. and
		  McCann, M. C. and SanMiguel, P. and Myers, A. M. and
		  Nettleton, D. and Nguyen, J. and Penning, B. W. and
		  Ponnala, L. and Schneider, K. L. and Schwartz, D. C. and
		  Sharma, A. and Soderlund, C. and Springer, N. M. and Sun,
		  Q. and Wang, H. and Waterman, M. and Westerman, R. and
		  Wolfgruber, T. K. and Yang, L. and Yu, Y. and Zhang, L. and
		  Zhou, S. and Zhu, Q. and Bennetzen, J. L. and Dawe, R. K.
		  and Jiang, J. and Jiang, N. and Presting, G. G. and
		  Wessler, S. R. and Aluru, S. and Martienssen, R. A. and
		  Clifton, S. W. and McCombie, W. R. and Wing, R. A. and
		  Wilson, R. K.},
  month		= nov,
  year		= {2009},
  pages		= {1112--1115}
}

@Article{	  schaefer_protein_2010,
  title		= {Protein secondary structure appears to be robust under in
		  silico evolution while protein disorder appears not to be},
  volume	= {26},
  issn		= {1367-4803, 1460-2059},
  url		= {http://bioinformatics.oxfordjournals.org/cgi/doi/10.1093/bioinformatics/btq012},
  doi		= {10.1093/bioinformatics/btq012},
  number	= {5},
  urldate	= {2014-01-22},
  journal	= {Bioinformatics},
  author	= {Schaefer, C. and Schlessinger, A. and Rost, B.},
  month		= jan,
  year		= {2010},
  pages		= {625--631}
}

@Article{	  schrider_all_2009,
  title		= {All human-specific gene losses are present in the genome
		  as pseudogenes},
  volume	= {16},
  issn		= {1066-5277, 1557-8666},
  url		= {http://www.liebertonline.com/doi/abs/10.1089/cmb.2009.0085},
  doi		= {10.1089/cmb.2009.0085},
  number	= {10},
  urldate	= {2014-02-26},
  journal	= {Journal of Computational Biology},
  author	= {Schrider, Daniel R. and Costello, James C. and Hahn,
		  Matthew W.},
  month		= oct,
  year		= {2009},
  pages		= {1419--1427}
}

@Article{	  schreiber_novel_1997,
  title		= {A novel {cDNA} from \textit{{Drosophila}} encoding a
		  protein with similarity to mammalian cysteine-rich
		  secretory proteins, wasp venom antigen 5, and plant group 1
		  pathogenesis-related proteins},
  volume	= {191},
  url		= {http://www.sciencedirect.com/science/article/pii/S0378111997000103},
  number	= {2},
  urldate	= {2014-02-28},
  journal	= {Gene},
  author	= {Schreiber, Michael C. and Karlo, J. Colleen and Kovalick,
		  Gae E.},
  year		= {1997},
  pages		= {135--141}
}

@Article{	  rogozhin_novel_2011,
  title		= {Novel antifungal defensins from \textit{{Nigella}} sativa
		  {L}. seeds},
  volume	= {49},
  issn		= {09819428},
  url		= {http://linkinghub.elsevier.com/retrieve/pii/S0981942810002354},
  doi		= {10.1016/j.plaphy.2010.10.008},
  number	= {2},
  urldate	= {2014-03-09},
  journal	= {Plant Physiology and Biochemistry},
  author	= {Rogozhin, Eugene A. and Oshchepkova, Yulia I. and
		  Odintsova, Tatyiana I. and Khadeeva, Natalia V. and
		  Veshkurova, Olga N. and Egorov, Tsezi A. and Grishin,
		  Eugene V. and Salikhov, Shavkat I.},
  month		= feb,
  year		= {2011},
  pages		= {131--137}
}

@Article{	  ruiz-orera_origins_2015,
  title		= {Origins of de novo genes in human and chimpanzee},
  url		= {http://arxiv.org/abs/1507.07744},
  urldate	= {2015-08-04},
  journal	= {arXiv preprint arXiv:1507.07744},
  author	= {Ruiz-Orera, Jorge and Hernandez-Rodriguez, Jessica and
		  Chiva, Cristina and Sabidó, Eduard and Kondova, Ivanela
		  and Bontrop, Ronald and Marqués-Bonet, Tomàs and Albà,
		  M.},
  year		= {2015}
}

@Article{	  shigenobu_aphids_2012,
  title		= {Aphids evolved novel secreted proteins for symbiosis with
		  bacterial endosymbiont},
  volume	= {280},
  issn		= {0962-8452, 1471-2954},
  url		= {http://rspb.royalsocietypublishing.org/cgi/doi/10.1098/rspb.2012.1952},
  doi		= {10.1098/rspb.2012.1952},
  number	= {1750},
  urldate	= {2014-02-26},
  journal	= {Proceedings of the Royal Society B: Biological Sciences},
  author	= {Shigenobu, S. and Stern, D. L.},
  month		= nov,
  year		= {2012},
  pages		= {20121952--20121952}
}

@Article{	  shi_genome-wide_2015,
  title		= {Genome-wide dosage-dependent and -independent regulation
		  contributes to gene expression and evolutionary novelty in
		  plant polyploids},
  url		= {http://mbe.oxfordjournals.org/content/early/2015/05/13/molbev.msv116.abstract},
  doi		= {10.1093/molbev/msv116},
  abstract	= {Polyploidy provides evolutionary and morphological
		  novelties in many plants and some animals. However, the
		  role of genome dosage and composition in gene expression
		  changes remains poorly understood. Here we generated a
		  series of resynthesized Arabidopsis tetraploids that
		  contain 0-4 copies of Arabidopsis thaliana and Arabidopsis
		  arenosa genomes and investigated ploidy and hybridity
		  effects on gene expression. Allelic expression can be
		  defined as dosage–dependent (expression levels correlate
		  with genome dosages) and otherwise dosage–independent.
		  Here we show contribution of many dosage-dependent genes to
		  cell cycle, photosynthesis, and metabolism, whereas
		  dosage-independent genes are enriched in biotic and abiotic
		  stress responses. Interestingly, dosage-dependent genes
		  tend to be preserved in ancient biochemical pathways
		  present in both plant and non-plant species, whereas many
		  dosage-independent genes belong to plant-specific pathways.
		  This is confirmed by an independent analysis using
		  Arabidopsis phylostratigraphic map. For A. thaliana loci,
		  the dosage-dependent alleles are void of TEs and tend to
		  correlate with H3K9ac, H3K4me3 and CG methylation, whereas
		  the majority of dosage-independent alleles are enriched
		  with TEs and correspond to H3K27me1, H3K27me3 and CHG (H=A,
		  T, or C) methylation. Furthermore, there is a
		  parent-of-origin effect on nonadditively expressed genes in
		  the reciprocal allotetraploids especially when A. arenosa
		  is used as the paternal parent, leading to metabolic and
		  morphological changes. Thus, ploidy, epigenetic
		  modifications, and cytoplasmic-nuclear interactions shape
		  gene expression diversity in polyploids. Dosage-dependent
		  expression can maintain growth and developmental stability,
		  while dosage-independent expression can facilitate
		  functional divergence between homoeologs
		  (subfunctionalization) and/or gain new functions
		  (neofunctionalization) during polyploid evolution.},
  journal	= {Molecular Biology and Evolution},
  author	= {Shi, Xiaoli and Zhang, Changqing and Ko, Dae Kwan and
		  Chen, Z. Jeffrey},
  year		= {2015}
}

@Article{	  spanu_genome_2010,
  title		= {Genome expansion and gene loss in powdery mildew fungi
		  reveal tradeoffs in extreme parasitism},
  volume	= {330},
  issn		= {0036-8075, 1095-9203},
  url		= {http://www.sciencemag.org/cgi/doi/10.1126/science.1194573},
  doi		= {10.1126/science.1194573},
  number	= {6010},
  urldate	= {2014-02-05},
  journal	= {Science},
  author	= {Spanu, P. D. and Abbott, J. C. and Amselem, J. and Burgis,
		  T. A. and Soanes, D. M. and Stuber, K. and Loren van
		  Themaat, E. V. and Brown, J. K. M. and Butcher, S. A. and
		  Gurr, S. J. and Lebrun, M.-H. and Ridout, C. J. and
		  Schulze-Lefert, P. and Talbot, N. J. and Ahmadinejad, N.
		  and Ametz, C. and Barton, G. R. and Benjdia, M. and
		  Bidzinski, P. and Bindschedler, L. V. and Both, M. and
		  Brewer, M. T. and Cadle-Davidson, L. and Cadle-Davidson, M.
		  M. and Collemare, J. and Cramer, R. and Frenkel, O. and
		  Godfrey, D. and Harriman, J. and Hoede, C. and King, B. C.
		  and Klages, S. and Kleemann, J. and Knoll, D. and Koti, P.
		  S. and Kreplak, J. and Lopez-Ruiz, F. J. and Lu, X. and
		  Maekawa, T. and Mahanil, S. and Micali, C. and Milgroom, M.
		  G. and Montana, G. and Noir, S. and O'Connell, R. J. and
		  Oberhaensli, S. and Parlange, F. and Pedersen, C. and
		  Quesneville, H. and Reinhardt, R. and Rott, M. and
		  Sacristan, S. and Schmidt, S. M. and Schon, M. and
		  Skamnioti, P. and Sommer, H. and Stephens, A. and Takahara,
		  H. and Thordal-Christensen, H. and Vigouroux, M. and
		  Wessling, R. and Wicker, T. and Panstruga, R.},
  month		= dec,
  year		= {2010},
  pages		= {1543--1546}
}

@Article{	  skovgaard_total_2001,
  title		= {On the total number of genes and their length distribution
		  in complete microbial genomes},
  volume	= {17},
  url		= {http://www.sciencedirect.com/science/article/pii/S0168952501023721},
  number	= {8},
  urldate	= {2014-01-26},
  journal	= {TRENDS in Genetics},
  author	= {Skovgaard, Marie and Jensen, Lars Juhl and Brunak, Søren
		  and Ussery, David and Krogh, Anders},
  year		= {2001},
  pages		= {425--428}
}

@Article{	  stergiopoulos_tomato_2010,
  title		= {Tomato {Cf} resistance proteins mediate recognition of
		  cognate homologous effectors from fungi pathogenic on
		  dicots and monocots},
  volume	= {107},
  url		= {http://www.pnas.org/content/107/16/7610.short},
  number	= {16},
  urldate	= {2014-02-05},
  journal	= {Proceedings of the National Academy of Sciences},
  author	= {Stergiopoulos, Ioannis and van den Burg, Harrold A. and
		  Ökmen, Bilal and Beenen, Henriek G. and van Liere, Sabine
		  and Kema, Gert HJ and de Wit, Pierre JGM},
  year		= {2010},
  pages		= {7610--7615}
}

@Article{	  stergiopoulos_fungal_2009,
  title		= {Fungal effector proteins},
  volume	= {47},
  issn		= {0066-4286, 1545-2107},
  url		= {http://www.annualreviews.org/doi/abs/10.1146/annurev.phyto.112408.132637},
  doi		= {10.1146/annurev.phyto.112408.132637},
  number	= {1},
  urldate	= {2014-02-04},
  journal	= {Annual Review of Phytopathology},
  author	= {Stergiopoulos, Ioannis and de Wit, Pierre J.G.M.},
  month		= sep,
  year		= {2009},
  pages		= {233--263}
}

@Article{	  sun_identification_2015,
  title		= {Identification and evolution of the orphan genes in the
		  domestic silkworm, {Bombyx} mori},
  issn		= {00145793},
  url		= {http://linkinghub.elsevier.com/retrieve/pii/S001457931500705X},
  doi		= {10.1016/j.febslet.2015.08.008},
  language	= {en},
  urldate	= {2015-08-23},
  journal	= {FEBS Letters},
  author	= {Sun, Wei and Zhao, Xin-Wei and Zhang, Ze},
  month		= aug,
  year		= {2015}
}

@PhDThesis{	  swamidatta_functional_2015,
  title		= {Functional characterization of orphan genes in
		  {Arabidopsis} thaliana},
  author	= {Swamidatta, Sandesh},
  year		= {2015}
}

@PhDThesis{	  swamidatta_functional_2015-1,
  title		= {Functional characterization of orphan genes in
		  {Arabidopsis} thaliana},
  author	= {Swamidatta, Sandesh},
  year		= {2015}
}

@Article{	  tang_synteny_2008,
  title		= {Synteny and collinearity in plant genomes},
  volume	= {320},
  issn		= {0036-8075, 1095-9203},
  url		= {http://www.sciencemag.org/cgi/doi/10.1126/science.1153917},
  doi		= {10.1126/science.1153917},
  number	= {5875},
  urldate	= {2014-02-04},
  journal	= {Science},
  author	= {Tang, H. and Bowers, J. E. and Wang, X. and Ming, R. and
		  Alam, M. and Paterson, A. H.},
  month		= apr,
  year		= {2008},
  pages		= {486--488}
}

@Article{	  thelen_proteomic_2012,
  title		= {The proteomic future: where mass spectrometry should be
		  taking us},
  volume	= {444},
  issn		= {0264-6021, 1470-8728},
  shorttitle	= {The proteomic future},
  url		= {http://www.biochemj.org/bj/444/bj4440169.htm},
  doi		= {10.1042/BJ20110363},
  number	= {2},
  urldate	= {2014-02-26},
  journal	= {Biochemical Journal},
  author	= {Thelen, Jay J. and Miernyk, Ján A.},
  month		= jun,
  year		= {2012},
  pages		= {169--181}
}

@Article{	  tan_variation_2012,
  title		= {Variation of presence/absence genes among {Arabidopsis}
		  populations},
  volume	= {12},
  url		= {http://www.biomedcentral.com/1471-2148/12/86},
  number	= {1},
  urldate	= {2014-02-28},
  journal	= {BMC evolutionary biology},
  author	= {Tan, Shengjun and Zhong, Yan and Hou, Huan and Yang, Sihai
		  and Tian, Dacheng},
  year		= {2012},
  pages		= {86}
}

@Article{	  tautz_evolutionary_2011,
  title		= {The evolutionary origin of orphan genes},
  volume	= {12},
  issn		= {1471-0056, 1471-0064},
  url		= {http://www.nature.com/doifinder/10.1038/nrg3053},
  doi		= {10.1038/nrg3053},
  number	= {10},
  urldate	= {2013-10-09},
  journal	= {Nature Reviews Genetics},
  author	= {Tautz, Diethard and Domazet-Lošo, Tomislav},
  month		= aug,
  year		= {2011},
  pages		= {692--702}
}

@Article{	  thakur_novo_2013,
  title		= {De novo transcriptome sequencing and analysis for
		  \textit{{Venturia}} inaequalis, the devastating apple scab
		  pathogen},
  volume	= {8},
  issn		= {1932-6203},
  url		= {http://dx.plos.org/10.1371/journal.pone.0053937},
  doi		= {10.1371/journal.pone.0053937},
  number	= {1},
  urldate	= {2014-02-04},
  journal	= {PLoS ONE},
  author	= {Thakur, Karnika and Chawla, Vandna and Bhatti, Shammi and
		  Swarnkar, Mohit Kumar and Kaur, Jagdeep and Shankar, Ravi
		  and Jha, Gopaljee},
  editor	= {Stajich, Jason E.},
  month		= jan,
  year		= {2013},
  pages		= {e53937}
}

@Article{	  thomas_following_2006,
  title		= {Following tetraploidy in an {Arabidopsis} ancestor, genes
		  were removed preferentially from one homeolog leaving
		  clusters enriched in dose-sensitive genes},
  volume	= {16},
  issn		= {1088-9051},
  url		= {http://www.genome.org/cgi/doi/10.1101/gr.4708406},
  doi		= {10.1101/gr.4708406},
  number	= {7},
  urldate	= {2014-02-26},
  journal	= {Genome Research},
  author	= {Thomas, B. C.},
  month		= jul,
  year		= {2006},
  pages		= {934--946}
}

@Article{	  toll-riera_emergence_2013,
  title		= {Emergence of novel domains in proteins},
  volume	= {13},
  url		= {http://www.biomedcentral.com/content/pdf/1471-2148-13-47.pdf},
  number	= {1},
  urldate	= {2014-01-22},
  journal	= {BMC evolutionary biology},
  author	= {Toll-Riera, Macarena and Albà, M. Mar},
  year		= {2013},
  pages		= {47}
}

@Article{	  toll-riera_origin_2009,
  title		= {Origin of primate orphan genes: a comparative genomics
		  approach},
  volume	= {26},
  shorttitle	= {Origin of primate orphan genes},
  url		= {http://mbe.oxfordjournals.org/content/26/3/603.short},
  number	= {3},
  urldate	= {2013-10-09},
  journal	= {Molecular biology and evolution},
  author	= {Toll-Riera, Macarena and Bosch, Nina and Bellora, Nicolás
		  and Castelo, Robert and Armengol, Lluis and Estivill,
		  Xavier and Alba, M. Mar},
  year		= {2009},
  pages		= {603--612}
}

@Article{	  vision_gene_2005,
  title		= {Gene order in plants: a slow but sure shuffle: {Research}
		  review},
  volume	= {168},
  issn		= {0028646X, 14698137},
  shorttitle	= {Gene order in plants},
  url		= {http://doi.wiley.com/10.1111/j.1469-8137.2005.01537.x},
  doi		= {10.1111/j.1469-8137.2005.01537.x},
  number	= {1},
  urldate	= {2014-03-03},
  journal	= {New Phytologist},
  author	= {Vision, Todd J.},
  month		= aug,
  year		= {2005},
  pages		= {51--60}
}

@Article{	  vogel_structure_2004,
  title		= {Structure, function and evolution of multidomain
		  proteins},
  volume	= {14},
  issn		= {0959440X},
  url		= {http://linkinghub.elsevier.com/retrieve/pii/S0959440X04000454},
  doi		= {10.1016/j.sbi.2004.03.011},
  number	= {2},
  urldate	= {2014-02-01},
  journal	= {Current Opinion in Structural Biology},
  author	= {Vogel, Christine and Bashton, Matthew and Kerrison, Nicola
		  D and Chothia, Cyrus and Teichmann, Sarah A},
  month		= apr,
  year		= {2004},
  pages		= {208--216}
}

@Article{	  voolstra_rapid_2011,
  title		= {Rapid evolution of coral proteins responsible for
		  interaction with the environment},
  volume	= {6},
  issn		= {1932-6203},
  url		= {http://dx.plos.org/10.1371/journal.pone.0020392},
  doi		= {10.1371/journal.pone.0020392},
  number	= {5},
  urldate	= {2014-02-03},
  journal	= {PLoS ONE},
  author	= {Voolstra, Christian R. and Sunagawa, Shinichi and Matz,
		  Mikhail V. and Bayer, Till and Aranda, Manuel and
		  Buschiazzo, Emmanuel and DeSalvo, Michael K. and Lindquist,
		  Erika and Szmant, Alina M. and Coffroth, Mary Alice and
		  Medina, Mónica},
  editor	= {Ravasi, Timothy},
  month		= may,
  year		= {2011},
  pages		= {e20392}
}

@Article{	  walsh_protein_2005,
  title		= {Protein posttranslational modifications: {The} chemistry
		  of proteome diversifications},
  volume	= {44},
  issn		= {1433-7851, 1521-3773},
  shorttitle	= {Protein {Posttranslational} {Modifications}},
  url		= {http://doi.wiley.com/10.1002/anie.200501023},
  doi		= {10.1002/anie.200501023},
  number	= {45},
  urldate	= {2014-02-26},
  journal	= {Angewandte Chemie International Edition},
  author	= {Walsh, Christopher T. and Garneau-Tsodikova, Sylvie and
		  Gatto, Gregory J.},
  month		= nov,
  year		= {2005},
  pages		= {7342--7372}
}

@Article{	  wang_evolutionary_2010,
  title		= {Evolutionary transients in the rice transcriptome},
  volume	= {8},
  issn		= {16720229},
  url		= {http://linkinghub.elsevier.com/retrieve/pii/S167202291060023X},
  doi		= {10.1016/S1672-0229(10)60023-X},
  number	= {4},
  urldate	= {2014-02-04},
  journal	= {Genomics, Proteomics \& Bioinformatics},
  author	= {Wang, Jun and Zhang, Jianguo and Li, Ruiqiang and Zheng,
		  Hongkun and Li, Jun and Zhang, Yong and Li, Heng and Ni,
		  Peixiang and Li, Songgang and Li, Shengting and Wang,
		  Jingqiang and Liu, Dongyuan and McDermott, Jason and
		  Samudrala, Ram and Liu, Siqi and Wang, Jian and Yang,
		  Huanming and Yu, Jun and Wong, Gane Ka-Shu},
  month		= dec,
  year		= {2010},
  pages		= {211--228}
}

@Article{	  wang_genome-wide_2014,
  title		= {Genome-wide identification of long noncoding natural
		  antisense transcripts and their responses to light in
		  {Arabidopsis}},
  volume	= {24},
  issn		= {1088-9051},
  url		= {http://genome.cshlp.org/cgi/doi/10.1101/gr.165555.113},
  doi		= {10.1101/gr.165555.113},
  language	= {en},
  number	= {3},
  urldate	= {2015-07-22},
  journal	= {Genome Research},
  author	= {Wang, H. and Chung, P. J. and Liu, J. and Jang, I.-C. and
		  Kean, M. J. and Xu, J. and Chua, N.-H.},
  month		= mar,
  year		= {2014},
  pages		= {444--453}
}

@Article{	  weigel_1001_2009,
  title		= {The 1001 genomes project for \textit{{Arabidopsis}}
		  thaliana},
  volume	= {10},
  url		= {http://www.biomedcentral.com/content/pdf/gb-2009-10-5-107.pdf},
  number	= {5},
  urldate	= {2013-10-18},
  journal	= {Genome Biol},
  author	= {Weigel, Detlef and Mott, Richard},
  year		= {2009},
  pages		= {107}
}

@Article{	  weng_rise_2012,
  title		= {The rise of chemodiversity in plants},
  volume	= {336},
  issn		= {0036-8075, 1095-9203},
  url		= {http://www.sciencemag.org/cgi/doi/10.1126/science.1217411},
  doi		= {10.1126/science.1217411},
  number	= {6089},
  urldate	= {2014-02-02},
  journal	= {Science},
  author	= {Weng, J.-K. and Philippe, R. N. and Noel, J. P.},
  month		= jun,
  year		= {2012},
  pages		= {1667--1670}
}

@Article{	  wicker_wheat_2013,
  title		= {The wheat powdery mildew genome shows the unique evolution
		  of an obligate biotroph},
  volume	= {45},
  issn		= {1061-4036, 1546-1718},
  url		= {http://www.nature.com/doifinder/10.1038/ng.2704},
  doi		= {10.1038/ng.2704},
  number	= {9},
  urldate	= {2014-02-28},
  journal	= {Nature Genetics},
  author	= {Wicker, Thomas and Oberhaensli, Simone and Parlange,
		  Francis and Buchmann, Jan P and Shatalina, Margarita and
		  Roffler, Stefan and Ben-David, Roi and Doležel, Jaroslav
		  and Šimková, Hana and Schulze-Lefert, Paul and Spanu,
		  Pietro D and Bruggmann, Rémy and Amselem, Joelle and
		  Quesneville, Hadi and Ver Loren van Themaat, Emiel and
		  Paape, Timothy and Shimizu, Kentaro K and Keller, Beat},
  month		= jul,
  year		= {2013},
  pages		= {1092--1096}
}

@Article{	  wilson_orphans_2005,
  title		= {Orphans as taxonomically restricted and ecologically
		  important genes},
  volume	= {151},
  url		= {http://mic.sgmjournals.org/content/151/8/2499.short},
  number	= {8},
  urldate	= {2013-10-17},
  journal	= {Microbiology},
  author	= {Wilson, G. A. and Bertrand, Nic and Patel, Y. and Hughes,
		  J. B. and Feil, E. J. and Field, D.},
  year		= {2005},
  pages		= {2499--2501}
}

@Article{	  wilusz_long_2009,
  title		= {Long noncoding {RNAs}: functional surprises from the {RNA}
		  world},
  volume	= {23},
  issn		= {0890-9369},
  shorttitle	= {Long noncoding {RNAs}},
  url		= {http://genesdev.cshlp.org/cgi/doi/10.1101/gad.1800909},
  doi		= {10.1101/gad.1800909},
  language	= {en},
  number	= {13},
  urldate	= {2015-05-27},
  journal	= {Genes \& Development},
  author	= {Wilusz, J. E. and Sunwoo, H. and Spector, D. L.},
  month		= jul,
  year		= {2009},
  pages		= {1494--1504}
}

@Article{	  wilson_large-scale_2007,
  title		= {Large-scale comparative genomic ranking of {Taxonomically}
		  {Restricted} {Genes} ({TRGs}) in bacterial and archaeal
		  genomes},
  volume	= {2},
  issn		= {1932-6203},
  url		= {http://dx.plos.org/10.1371/journal.pone.0000324},
  doi		= {10.1371/journal.pone.0000324},
  number	= {3},
  urldate	= {2013-12-17},
  journal	= {PLoS ONE},
  author	= {Wilson, Gareth A. and Feil, Edward J. and Lilley, Andrew
		  K. and Field, Dawn},
  editor	= {Fairhead, Cecile},
  month		= mar,
  year		= {2007},
  pages		= {e324}
}

@Article{	  wissler_mechanisms_2013,
  title		= {Mechanisms and {Dynamics} of {Orphan} {Gene} {Emergence}
		  in {Insect} {Genomes}},
  volume	= {5},
  issn		= {1759-6653},
  url		= {http://gbe.oxfordjournals.org/cgi/doi/10.1093/gbe/evt009},
  doi		= {10.1093/gbe/evt009},
  number	= {2},
  urldate	= {2013-10-15},
  journal	= {Genome Biology and Evolution},
  author	= {Wissler, L. and Gadau, J. and Simola, D. F. and Helmkampf,
		  M. and Bornberg-Bauer, E.},
  month		= jan,
  year		= {2013},
  pages		= {439--455}
}

@Article{	  wu_evolution_2013,
  title		= {Evolution and function of de novo originated genes},
  volume	= {67},
  issn		= {10557903},
  url		= {http://linkinghub.elsevier.com/retrieve/pii/S1055790313000705},
  doi		= {10.1016/j.ympev.2013.02.013},
  number	= {2},
  urldate	= {2014-01-22},
  journal	= {Molecular Phylogenetics and Evolution},
  author	= {Wu, Dong-Dong and Zhang, Ya-Ping},
  month		= may,
  year		= {2013},
  pages		= {541--545}
}

@Article{	  wu_novo_2011,
  title		= {De {Novo} {Origin} of {Human} {Protein}-{Coding} {Genes}},
  volume	= {7},
  issn		= {1553-7404},
  url		= {http://dx.plos.org/10.1371/journal.pgen.1002379},
  doi		= {10.1371/journal.pgen.1002379},
  number	= {11},
  urldate	= {2014-01-23},
  journal	= {PLoS Genetics},
  author	= {Wu, Dong-Dong and Irwin, David M. and Zhang, Ya-Ping},
  editor	= {Begun, David J.},
  month		= nov,
  year		= {2011},
  pages		= {e1002379}
}

@Article{	  woodhouse_following_2010,
  title		= {Following tetraploidy in maize, a short deletion mechanism
		  removed genes preferentially from one of the two
		  homeologs},
  volume	= {8},
  issn		= {1545-7885},
  url		= {http://dx.plos.org/10.1371/journal.pbio.1000409},
  doi		= {10.1371/journal.pbio.1000409},
  number	= {6},
  urldate	= {2014-02-26},
  journal	= {PLoS Biology},
  author	= {Woodhouse, Margaret R. and Schnable, James C. and
		  Pedersen, Brent S. and Lyons, Eric and Lisch, Damon and
		  Subramaniam, Shabarinath and Freeling, Michael},
  editor	= {Wolfe, Kenneth H.},
  month		= jun,
  year		= {2010},
  pages		= {e1000409}
}

@Article{	  wulff_recognitional_2009,
  title		= {Recognitional specificity and evolution in the
		  tomato-\textit{{Cladosporium}} fulvum pathosystem},
  volume	= {22},
  url		= {http://apsjournals.apsnet.org/doi/abs/10.1094/MPMI-22-10-1191},
  number	= {10},
  urldate	= {2014-02-05},
  journal	= {Molecular plant-microbe interactions},
  author	= {Wulff, B. B. H. and Chakrabarti, A. and Jones, D. A.},
  year		= {2009},
  pages		= {1191--1202}
}

@Article{	  yamazaki_wide_2003,
  title		= {Wide distribution of cysteine-rich secretory proteins in
		  snake venoms: {Isolation} and cloning of novel snake venom
		  cysteine-rich secretory proteins},
  volume	= {412},
  issn		= {00039861},
  shorttitle	= {Wide distribution of cysteine-rich secretory proteins in
		  snake venoms},
  url		= {http://linkinghub.elsevier.com/retrieve/pii/S0003986103000286},
  doi		= {10.1016/S0003-9861(03)00028-6},
  number	= {1},
  urldate	= {2014-02-28},
  journal	= {Archives of Biochemistry and Biophysics},
  author	= {Yamazaki, Yasuo and Hyodo, Fumiko and Morita, Takashi},
  month		= apr,
  year		= {2003},
  pages		= {133--141}
}

@Article{	  wu_setosphaeria_2013,
  title		= {Setosphaeria rostrata: {Insights} from the sequenced
		  genome of \textit{{Setosphaeria}} turcica},
  volume	= {61},
  issn		= {10871845},
  shorttitle	= {Setosphaeria rostrata},
  url		= {http://linkinghub.elsevier.com/retrieve/pii/S1087184513001552},
  doi		= {10.1016/j.fgb.2013.08.015},
  urldate	= {2014-02-05},
  journal	= {Fungal Genetics and Biology},
  author	= {Wu, Dongliang and Turgeon, B. Gillian},
  month		= dec,
  year		= {2013},
  pages		= {158--163}
}

@Article{	  xu_bidirectional_2009,
  title		= {Bidirectional promoters generate pervasive transcription
		  in yeast},
  volume	= {457},
  issn		= {0028-0836, 1476-4687},
  url		= {http://www.nature.com/doifinder/10.1038/nature07728},
  doi		= {10.1038/nature07728},
  number	= {7232},
  urldate	= {2014-01-31},
  journal	= {Nature},
  author	= {Xu, Zhenyu and Wei, Wu and Gagneur, Julien and Perocchi,
		  Fabiana and Clauder-Münster, Sandra and Camblong, Jurgi
		  and Guffanti, Elisa and Stutz, Françoise and Huber,
		  Wolfgang and Steinmetz, Lars M.},
  month		= jan,
  year		= {2009},
  pages		= {1033--1037}
}

@Article{	  yang_genome-wide_2009,
  title		= {Genome-wide identification of lineage-specific genes in
		  {Arabidopsis}, {Oryza} and {Populus}},
  volume	= {93},
  issn		= {08887543},
  url		= {http://linkinghub.elsevier.com/retrieve/pii/S0888754309000081},
  doi		= {10.1016/j.ygeno.2009.01.002},
  number	= {5},
  urldate	= {2013-10-18},
  journal	= {Genomics},
  author	= {Yang, Xiaohan and Jawdy, Sara and Tschaplinski, Timothy J.
		  and Tuskan, Gerald A.},
  month		= may,
  year		= {2009},
  pages		= {473--480}
}

@Article{	  yandell_beginners_2012,
  title		= {A beginner's guide to eukaryotic genome annotation},
  volume	= {13},
  issn		= {1471-0056, 1471-0064},
  url		= {http://www.nature.com/doifinder/10.1038/nrg3174},
  doi		= {10.1038/nrg3174},
  number	= {5},
  urldate	= {2015-07-29},
  journal	= {Nature Reviews Genetics},
  author	= {Yandell, Mark and Ence, Daniel},
  month		= apr,
  year		= {2012},
  pages		= {329--342}
}

@Article{	  ye_evolutionary_2013,
  title		= {Evolutionary analyses of non-family genes in plants},
  volume	= {73},
  issn		= {09607412},
  url		= {http://doi.wiley.com/10.1111/tpj.12073},
  doi		= {10.1111/tpj.12073},
  number	= {5},
  urldate	= {2014-02-02},
  journal	= {The Plant Journal},
  author	= {Ye, Chu-Yu and Li, Ting and Yin, Hengfu and Weston, David
		  J. and Tuskan, Gerald A. and Tschaplinski, Timothy J. and
		  Yang, Xiaohan},
  month		= mar,
  year		= {2013},
  pages		= {788--797}
}

@Article{	  yang_genome-wide_2013,
  title		= {Genome-wide identification, characterization, and
		  expression analysis of lineage-specific genes within
		  zebrafish},
  volume	= {14},
  url		= {http://www.biomedcentral.com/1471-2164/14/65?utm_source=dlvr.it&utm_medium=twitter},
  number	= {1},
  urldate	= {2013-10-15},
  journal	= {BMC genomics},
  author	= {Yang, Liandong and Zou, Ming and Fu, Beide and He,
		  Shunping},
  year		= {2013},
  pages		= {65}
}

@Article{	  yang_novo_2011,
  title		= {De novo origin of new genes with introns in
		  \textit{{Plasmodium}} vivax},
  volume	= {585},
  issn		= {00145793},
  url		= {http://linkinghub.elsevier.com/retrieve/pii/S001457931100038X},
  doi		= {10.1016/j.febslet.2011.01.017},
  number	= {4},
  urldate	= {2014-01-28},
  journal	= {FEBS Letters},
  author	= {Yang, Zefeng and Huang, Jinling},
  month		= feb,
  year		= {2011},
  pages		= {641--644}
}

@Article{	  yomtovian_composition_2010,
  title		= {Composition bias and the origin of {ORFan} genes},
  volume	= {26},
  issn		= {1367-4803, 1460-2059},
  url		= {http://bioinformatics.oxfordjournals.org/cgi/doi/10.1093/bioinformatics/btq093},
  doi		= {10.1093/bioinformatics/btq093},
  number	= {8},
  urldate	= {2013-10-11},
  journal	= {Bioinformatics},
  author	= {Yomtovian, I. and Teerakulkittipong, N. and Lee, B. and
		  Moult, J. and Unger, R.},
  month		= mar,
  year		= {2010},
  pages		= {996--999}
}

@Article{	  zhang_age-dependent_2010,
  title		= {Age-dependent chromosomal distribution of male-biased
		  genes in {Drosophila}},
  volume	= {20},
  issn		= {1088-9051},
  url		= {http://genome.cshlp.org/cgi/doi/10.1101/gr.107334.110},
  doi		= {10.1101/gr.107334.110},
  number	= {11},
  urldate	= {2014-02-25},
  journal	= {Genome Research},
  author	= {Zhang, Y. E. and Vibranovski, M. D. and Krinsky, B. H. and
		  Long, M.},
  month		= aug,
  year		= {2010},
  pages		= {1526--1533}
}

@Article{	  zhang_chromosomal_2010,
  title		= {Chromosomal redistribution of male-biased genes in
		  mammalian evolution with two bursts of gene gain on the {X}
		  chromosome},
  volume	= {8},
  issn		= {1545-7885},
  url		= {http://dx.plos.org/10.1371/journal.pbio.1000494},
  doi		= {10.1371/journal.pbio.1000494},
  language	= {en},
  number	= {10},
  urldate	= {2015-10-06},
  journal	= {PLoS Biology},
  author	= {Zhang, Yong E. and Vibranovski, Maria D. and Landback,
		  Patrick and Marais, Gabriel A. B. and Long, Manyuan},
  editor	= {Barton, Nick H.},
  month		= oct,
  year		= {2010},
  pages		= {e1000494}
}

@Article{	  zhao_origin_2014,
  title		= {Origin and {Spread} of de {Novo} {Genes} in {Drosophila}
		  melanogaster {Populations}},
  volume	= {343},
  issn		= {0036-8075, 1095-9203},
  url		= {http://www.sciencemag.org/cgi/doi/10.1126/science.1248286},
  doi		= {10.1126/science.1248286},
  language	= {en},
  number	= {6172},
  urldate	= {2014-06-23},
  journal	= {Science},
  author	= {Zhao, L. and Saelao, P. and Jones, C. D. and Begun, D.
		  J.},
  month		= feb,
  year		= {2014},
  pages		= {769--772}
}

@Article{	  zhou_detecting_2013,
  title		= {Detecting small plant peptides using {SPADA} ({Small}
		  {Peptide} {Alignment} {Discovery} {Application})},
  volume	= {14},
  url		= {http://www.biomedcentral.com/1471-2105/14/335},
  number	= {1},
  urldate	= {2014-03-09},
  journal	= {BMC bioinformatics},
  author	= {Zhou, Peng and Silverstein, Kevin AT and Gao, Liangliang
		  and Walton, Jonathan D. and Nallu, Sumitha and Guhlin,
		  Joseph and Young, Nevin D.},
  year		= {2013},
  pages		= {335}
}

@Article{	  zhang_new_2012,
  title		= {New genes expressed in human brains: {Implications} for
		  annotating evolving genomes},
  volume	= {34},
  issn		= {02659247},
  shorttitle	= {New genes expressed in human brains},
  url		= {http://doi.wiley.com/10.1002/bies.201200008},
  doi		= {10.1002/bies.201200008},
  number	= {11},
  urldate	= {2014-03-03},
  journal	= {BioEssays},
  author	= {Zhang, Yong E. and Landback, Patrick and Vibranovski,
		  Maria and Long, Manyuan},
  month		= nov,
  year		= {2012},
  pages		= {982--991}
}

@Article{	  zhou_genome-wide_2015,
  title		= {Genome-wide identification of lineage-specific genes
		  within {Caenorhabditis} elegans},
  issn		= {08887543},
  url		= {http://linkinghub.elsevier.com/retrieve/pii/S0888754315300161},
  doi		= {10.1016/j.ygeno.2015.07.002},
  language	= {en},
  urldate	= {2015-07-21},
  journal	= {Genomics},
  author	= {Zhou, Kun and Huang, Beibei and Zou, Ming and Lu, Dandan
		  and He, Shunping and Wang, Guoxiu},
  month		= jul,
  year		= {2015}
}

@Article{	  zhou_origin_2008,
  title		= {On the origin of new genes in {Drosophila}},
  volume	= {18},
  issn		= {1088-9051},
  url		= {http://www.genome.org/cgi/doi/10.1101/gr.076588.108},
  doi		= {10.1101/gr.076588.108},
  number	= {9},
  urldate	= {2013-11-08},
  journal	= {Genome Research},
  author	= {Zhou, Q. and Zhang, G. and Zhang, Y. and Xu, S. and Zhao,
		  R. and Zhan, Z. and Li, X. and Ding, Y. and Yang, S. and
		  Wang, W.},
  month		= jul,
  year		= {2008},
  pages		= {1446--1455}
}
